3308 5182
296 399 337 465 20

256 577 364 640 cicero
387 575 455 637 Art.
481 573 527 636 ll.
550 572 579 636 6.
603 572 631 633 h.
655 592 682 633 v.
705 572 751 634 usl
773 582 853 635 sunt.
909 570 1048 655 leprosi,
1080 573 1157 634 inire
1184 575 1264 654 apud
1287 574 1371 635 Suet.
1393 594 1511 655 semper

256 697 322 739 cum
346 695 408 737 ace.
428 675 533 753 juncta
555 687 624 736 sunt
649 673 729 735 relat
744 672 858 744 urbem,
881 685 1030 742 serratum,
1055 673 1279 752 protectionem,
1296 675 1404 735 bellum
1421 676 1510 736 simil.

256 776 348 839 Inita
365 786 521 857 mnarum
544 792 628 839 more
648 769 756 863 (sensu
778 772 942 856 obscoeno)
965 774 1004 834 A.
1021 771 1071 835 69.
1094 774 1133 835 N.
1153 775 1188 834 12
1211 786 1314 836 taurus
1336 775 1508 856 Pasiphaen

257 878 334 940 iniit.
377 875 518 938 Initiutio
539 874 652 936 N.'¹34.
677 878 679 881 ’
704 870 821 935 Instare
848 887 992 954 sequente
1015 874 1148 936 ablativo
1172 875 1208 935 N.
1234 876 1272 935 12
1295 877 1410 937 rrrarina
1431 895 1510 958 aqua

260 977 434 1041 innantibus
458 975 571 1038 belluis.
605 976 677 1037 Tac.
704 972 820 1060 Colum.
843 974 910 1036 Liv.
933 975 1023 1054 Verg.
1047 975 1121 1037 Hor.
1160 973 1335 1049 innocuas,
1358 995 1417 1037 vox
1438 997 1512 1057 poe·

259 1089 368 1151 tarum,
392 1079 478 1140 Dom.
501 1076 520 1139 9
544 1075 651 1155 legitur
679 1092 732 1156 pro
759 1072 891 1149 innoxio,
924 1075 1088 1137 innocenti.
1132 1074 1328 1139 Innotesrere.
1363 1078 1510 1140 Krebsius
1610 1104 1615 1111 ·

258 1179 425 1253 contendit,
458 1177 633 1241 Suetonium
657 1176 685 1238 b.
708 1176 854 1239 vocabulo
876 1196 962 1237 usum
988 1196 1061 1237 esse.
1104 1177 1210 1239 Lectio
1232 1189 1332 1238 tamen
1357 1180 1441 1240 varia
1463 1188 1512 1240 est

258 1280 304 1342 iris
333 1280 405 1343 lucis
438 1279 494 1361 (N.
516 1278 567 1340 42.
589 1277 669 1342 Otho
692 1278 735 1360 3).
778 1279 814 1339 In
837 1277 1005 1339 melioribus
1034 1278 1115 1338 libris
1138 1277 1188 1338 illo
1213 1279 1276 1339 loco
1299 1279 1421 1358 legitur:
1455 1298 1509 1342 no-

250 1390 390 1456 ·tuerunt,
422 1391 453 1442 et
485 1378 542 1441 hoc
575 1380 655 1441 loco:
675 1377 814 1440 ‘euoluit
857 1376 1050 1452 Irrnnmenus,
1078 1398 1136 1439 vox
1158 1379 1263 1458 postis,
1282 1380 1510 1459 posterioribus

248 1483 382 1555 dsitats.
415 1482 576 1542 innumera
598 1479 690 1560 copiae
712 1479 746 1542 (1.
769 1478 819 1541 68.
842 1479 944 1540 Galba
966 1478 995 1540 6.
1018 1479 1083 1541 Cal.
1106 1478 1155 1541 26.
1200 1481 1233 1540 ln
1258 1479 1332 1541 libro
1354 1481 1509 1544 Ciceronis

255 1583 307 1664 irbi
329 1581 501 1649 inscribitur
524 1581 560 1642 de
581 1591 699 1643 oratore
722 1580 752 1642 2.
775 1581 824 1640 22.
846 1577 896 1642 92.
920 1600 997 1642 nune
1020 1581 1140 1658 legitur:
1170 1581 1240 1642 meri
1263 1581 1423 1662 principes,
1451 1601 1509 1644 non

256 1682 415 1757 innumeri,
448 1701 536 1763 qnam
560 1682 718 1743 lectionem
740 1680 899 1742 Ellendtus
922 1681 1035 1760 primus
1058 1682 1214 1760 amplexus
1235 1693 1291 1744 est.
1334 1679 1511 1745 Innalrilas

258 1769 367 1864 amplis
401 1783 514 1863 opibus·
539 1782 578 1844 A.
601 1784 630 1855 3,
663 1798 722 1843 vox
744 1796 807 1861 arg.
830 1791 878 1842 aet.
901 1782 1097 1862 scriptoribus
1121 1783 1325 1845 usitatissima.
1369 1782 1511 1846 Inobsrr-
1575 1838 1580 1846 .

250 1886 359 1948 nanda
381 1900 443 1967 pro·
462 1883 656 1963 negligentia,
685 1874 856 1944 temeritate
879 1882 968 1943 sirnil.
991 1882 1030 1944 A.
1053 1877 1144 1944 761.
1167 1892 1214 1944 est
1235 1877 1323 1944 ”uros
1339 1895 1457 1965 tompus
1480 1895 1511 1947 et

252 1985 356 2048 ‘locum
380 2004 438 2050 nnn
462 1977 658 2045 observandi‘
682 1980 743 2046 Bo.
767 1981 871 2052 Quint.
897 1983 923 2044 l.
949 1984 974 2046 l.
998 1983 1069 2044 Vox
1091 1984 1242 2045 rarissima
1255 1980 1295 2067 1).
1339 1982 1510 2068 Inopinan-

258 2087 359 2150 res-T.
383 2085 424 2151 110
458 2104 510 2166 pro
543 2083 695 2146 adverbiis
724 2084 914 2165 necopinato,
941 2103 979 2145 ex
1002 2083 1167 2164 inopinato,
1190 2103 1229 2146 ex
1250 2086 1412 2173 insperato.
1455 2084 1511 2148 Ia-

257 2188 392 2274 qaielare
413 2185 530 2273 proprie
552 2185 588 2246 de
602 2202 708 2247 somno
720 2182 887 2264 interrupto
910 2184 1029 2259 dicitur,
1050 2187 1129 2264 apud
1145 2185 1320 2259 Posterior,
1344 2188 1508 2266 prasertim
1570 2256 1574 2267 ¹

258 2289 338 2370 apud
361 2286 483 2353 Sueten.
501 2286 567 2347 Col.¹
582 2285 664 2360 Sen,
685 2284 813 2369 positum
838 2296 883 2347 est
904 2305 957 2367 pro
981 2304 1015 2347 eo
1038 2287 1115 2366 quod
1139 2286 1253 2347 habent
1275 2287 1394 2368 optimi:
1417 2288 1511 2350 mole-

255 2390 344 2453 stiam
368 2388 482 2462 afferre,
505 2387 662 2449 molestum
685 2404 750 2449 esse
772 2387 858 2448 simil.
891 2388 926 2448 In
942 2386 1061 2467 scriptis
1083 2387 1324 2467 praestantiorum
1340 2388 1443 2469 script.
1459 2389 1511 2451 vix

256 2490 420 2555 brecbam
442 2488 587 2553 invenias.
620 2480 796 2571 Inquiiiaas
818 2488 863 2550 Ol.
876 2486 925 2549 38.
949 2487 986 2549 N.
1002 2488 1052 2549 44.
1076 2487 1150 2548 Sall.
1163 2487 1366 2551 Vell.Justin.
1399 2487 1511 2574 Inqai-
1617 2566 1622 2575 .

256 2592 331 2661 citor
344 2589 374 2674 ²)
396 2610 449 2670 pro
467 2590 661 2671 speculatore,
683 2589 873 2668 exploratore
895 2589 1070 2662 sinnicii
1093 2588 1132 2649 ab
1150 2588 1373 2670 inquisitoribus
1385 2591 1511 2672 pecunia

249 2694 411 2764 redimere,
432 2691 494 2757 Oic.
507 2690 593 2751 Verr.
609 2691 636 2752 l.
652 2692 680 2750 2.
692 2685 721 2751 6.
746 2703 867 2771 uterque
880 2689 1005 2763 Plinius,
1027 2689 1048 2750 J
1050 2690 1184 2750 uvenalis
1195 2690 1225 2751 4.
1238 2687 1286 2751 49.
1330 2689 1511 2755 Inscendere

257 2810 366 2875 equum
379 2791 417 2853 N.
429 2790 480 2857 48.
495 2790 556 2851 Tit.
568 2791 598 2852 4.
611 2790 748 2853 Plautus.
765 2789 896 2870 Optimi:
920 2791 1081 2851 ascendere
1094 2791 1138 2850 vel
1152 2793 1361 2866 conscendere,
1384 2803 1418 2854 nt
1428 2794 1509 2875 apud

257 2894 341 2956 suet.
376 2892 460 2959 velut
481 2891 516 2954 G.
539 2889 576 2954 61
602 2890 776 2964 ascendere,
809 2890 875 2953 cal.
898 2892 934 2951 51
960 2890 1170 2952 conscendere.
1214 2890 1381 2976 Insequens
1409 2904 1440 2956 et
1462 2894 1511 2955 in-

257 3004 378 3056 secutus
392 2990 432 3076 ³).
475 2992 532 3057 He.
553 3011 640 3054 voces
664 2988 743 3072 apud
765 2992 849 3053 Suet.
873 2990 1110 3072 frequentissime
1132 2992 1324 3055 inveniuntul
1337 2994 1384 3056 A.
1399 2996 1440 3056 50
1461 2995 1511 3056 in-

257 3095 359 3158 secuti·
385 3093 553 3177 Principes,
576 3093 616 3155 A.
636 3092 677 3154 53
700 3090 867 3174 insequenti
889 3094 937 3153 die
958 3092 1086 3172 saepius3
1118 3093 1223 3154 Livius
1244 3095 1407 3174 sepissima
1430 3097 1512 3158 inse-

257 3216 360 3280 quens.
403 3193 528 3265 Insideo
551 3193 589 3256 A.
611 3193 653 3256 82
675 3191 806 3256 insidens
829 3193 926 3274 ligneo
948 3193 1023 3255 solio
1046 3214 1099 3274 pro
1121 3187 1166 3255 ”in
1189 3206 1329 3276 sequente
1342 3191 1420 3258 abl.”
1458 3199 1512 3259 ln·

259 3296 359 3383 sipario
379 3295 445 3358 Cal.
461 3296 497 3361 ³1
524 3295 600 3375 quod
624 3293 713 3356 nullis
736 3293 961 3357 calamitatibus
985 3294 1111 3375 publicis
1133 3295 1350 3374 insignirentur
1373 3317 1425 3378 pro
1448 3293 1512 3362 ”in-

256 3398 372 3479 signcm
395 3399 503 3473 iacens,
525 3395 718 3475 distinguere,
740 3389 861 3457 notara”
882 3394 971 3456 simil.
1006 3395 1111 3458 Cicero
1134 3397 1227 3458 babet
1250 3397 1360 3458 nnllam
1385 3400 1509 3462 formam

258 3499 346 3580 hujus
374 3498 456 3565 verbi
483 3496 540 3567 nisi
563 3515 590 3577 p.
613 3516 642 3576 p.
666 3515 695 3577 p.
718 3532 757 3543 -
779 3496 846 3558 Liv.
869 3496 961 3576 Verg.
984 3497 1084 3558 Plaut.
1108 3496 1182 3558 Tac.
1205 3498 1281 3559 Plin.
1305 3498 1408 3560 minor.
1454 3499 1512 3563 Ia-

257 3599 376 3661 sinucri
393 3618 450 3678 pro
472 3598 625 3667 insinuare
647 3594 713 3682 (se)
735 3632 774 3643 -
796 3597 965 3658 insinuatus
988 3608 1035 3659 est
1055 3596 1193 3677 Augusto
1217 3597 1269 3660 Gr.
1291 3600 1342 3662 21.
1371 3599 1437 3663 Cal.
1464 3603 1509 3665 12.

259 3699 340 3762 Otho
359 3701 392 3761 2.
448 3696 573 3767 Insilire
608 3697 738 3760 delesses
760 3705 863 3760 lauros
885 3698 932 3760 Ol.
955 3698 993 3759 21
1020 3717 1073 3779 pro
1096 3692 1304 3779 ”insequente
1327 3696 1406 3762 acc.n
1428 3705 1510 3784 apud

258 3800 376 3862 Livium
393 3810 425 3863 et
438 3799 604 3891 Casuram.
630 3796 742 3861 Iasona
753 3791 914 3861 damnatus
926 3799 967 3861 N.
982 3800 1012 3861 3.
1035 3799 1080 3862 cl.
1096 3800 1143 3861 10.
1157 3799 1260 3879 vesp.
1275 3799 1322 3863 15.
1345 3801 1431 3865 Poet.
1444 3804 1511 3867 Liv.

256 3902 328 3964 Tac.
352 3900 426 3964 Sall.-
455 3897 595 3987 Jnspao,
623 3918 683 3962 vox
703 3899 794 3962 Plinii
817 3909 847 3961 et
869 3899 1002 3974 Seneca,
1035 3900 1130 3980 Vesp.
1153 3894 1173 3961 7
1194 3900 1220 3961 si
1241 3901 1411 3981 inspuisset.
1455 3902 1511 3966 In·

256 4011 370 4064 stanter
391 4020 449 4065 vcx
471 4011 603 4085 armat.
625 4000 815 4082 scriptorum,
848 4000 893 4063 Ol.
916 4001 935 4062 5
956 4000 1094 4081 flagitare
1115 4000 1272 4063 instanter.
1315 4001 1436 4068 Instare
1456 4025 1511 4086 pro

222 4102 223 4107 ’
256 4097 472 4167 acaronis
502 4103 619 4169 instans
652 4102 681 4165 in
716 4102 811 4164 madio
843 4102 972 4165 triclinio
985 4101 1026 4185 ⁴).
1069 4101 1250 4178 Insternera
1284 4123 1344 4167 vox
1377 4106 1458 4169 Livii
1481 4121 1512 4170 et

307 4284 335 4361 ¹)
357 4287 416 4345 Alii
437 4288 645 4347 observantiam
667 4284 775 4360 legunt,
799 4287 863 4343 vide
885 4285 980 4351 Quini.
1005 4285 1034 4341 4.
1059 4288 1087 4339 2.
1115 4283 1184 4342 107.

300 4368 325 4446 ²)
348 4371 541 4446 ”inquisitores
573 4381 638 4432 sunt
672 4374 760 4446 igitur
786 4374 912 4429 homines
939 4372 976 4426 ad
998 4372 1224 4444 investigandum
1247 4376 1349 4440 emissi,
1373 4395 1440 4447 qnos
1462 4377 1511 4433 Gr.

254 4457 463 4538 ”medubripoec
493 4462 560 4528 didi,
584 4464 665 4520 notai
688 4459 824 4521 Ossanb.”
847 4460 899 4515 BC.
923 4459 960 4514 ad
981 4460 1008 4515 h.
1032 4459 1051 4515 1.

297 4548 322 4625 ³)
344 4552 390 4607 Gir
412 4551 558 4608 Krsbsiurn
580 4551 632 4606 sub
654 4566 721 4608 voce
743 4544 884 4625 ''sequens'’
907 4550 936 4602 et
958 4564 1019 4616 qua
1041 4546 1075 4600 de
1099 4566 1166 4606 voce
1188 4547 1332 4620 ''sequens’'
1351 4553 1508 4623 disputabo.

298 4635 324 4711 ⁴)
346 4640 402 4695 Alii
425 4637 509 4697 aliter
531 4637 561 4695 h.
585 4637 604 4695 l.
626 4636 806 4712 interpretati
826 4638 901 4696 sunt.
936 4634 1007 4689 Vide
1029 4632 1082 4690 Bc.
1105 4639 1141 4694 ad
1163 4639 1192 4693 h.
1216 4639 1236 4694 1.
