3308 5182
242 384 334 463 te,

277 557 512 623 maeenmttm
518 557 616 620 vorbis
628 558 799 631 abhorrere
815 576 1024 637 expavescere,
1046 558 1185 657 grauari,
1196 558 1339 637 coepisse,
1359 552 1450 614 inrue

197 657 264 718 dere
276 644 379 720 addito
392 660 457 721 ride
469 680 568 741 supra.
580 658 725 721 Similiter
737 659 827 720 verbo
840 655 1082 721 mederiSustou.
1092 650 1295 719 accusativum
1308 655 1451 738 opposuit

197 775 257 829 uno
277 736 341 819 loco
363 759 425 822 Tit.
446 759 643 822 8medendae
666 758 840 821 valetudini
873 759 941 821 Ter.
964 759 1084 821 Vitruv.
1106 757 1174 822 Liv.
1196 758 1277 820 Vell.
1309 756 1450 819 Accusa-

195 846 289 919 tivum
313 859 477 940 participiis
501 859 695 933 nonnullis,
686 880 778 921 rn
743 858 1117 932 bundnsexeuntrbus
1139 858 1279 922 velut'l'.
1303 856 1451 938 obsigna

175 959 449 1036 speculabundus,
470 961 641 1042 adjunxisse
664 960 851 1033 Suetonium,
873 979 965 1041 supra
984 961 1045 1040 ianr
1068 959 1307 1021 commemoravi.
1344 956 1449 1021 Acen·

194 1059 311 1121 sntirus
333 1060 384 1147 ille
405 1062 633 1125 exclamationis
656 1062 702 1123 rel
724 1060 982 1143 admimtionis¹)‚
1004 1070 1039 1124 ut
1060 1059 1257 1122 Granrruntici
1280 1051 1451 1142 loquuntur,'

195 1177 253 1220 uuo
276 1159 342 1223 loco
365 1162 400 1225 T.
422 1165 459 1226 21
484 1163 563 1244 apud
583 1162 760 1227 Suetonium
784 1160 948 1224 invenitur:
970 1156 1116 1225 ”ordinem
1139 1154 1326 1224 aestivorum”
1340 1158 1381 1244 ²).
1413 1159 1450 1222 In

193 1258 248 1322 tali
283 1263 457 1327 accusativo
486 1263 752 1336 verba'laudandi‚
779 1262 960 1349 admirandi,
991 1262 1176 1343 praedicandi
1198 1262 1309 1325 similia
1330 1279 1450 1342 semper

30 1440 33 1447 Ι
91 1424 134 1437 ..
194 1361 364 1428 audiuntur.

226 1546 230 1553 .
277 1498 434 1562 Postremo
457 1520 513 1562 nou
536 1498 609 1560 illud
631 1499 751 1564 silentio
772 1499 1009 1580 praetereundum
1032 1508 1090 1572 est,
1122 1499 1310 1573 suetonium,
1333 1498 1452 1586 Ovidis

196 1609 347 1680 praeeunte
361 1598 472 1687 ³)hnno
494 1601 559 1663 loco
576 1599 804 1673 nominativum,
828 1600 877 1661 ubi
901 1602 1106 1663 accusativum
1128 1609 1299 1684 exspectes.
1313 1598 1450 1679 posuisse

199 1698 244 1763 (il.
267 1700 316 1763 24·
329 1721 491 1783 cognomen
515 1702 665 1765 Chaonius
685 1721 847 1789 usurpasse
859 1700 899 1783 ⁴).

586 2000 588 2007 ’
682 1999 736 2086 De
760 2024 825 2071 usu
850 1998 967 2072 dmoni.

283 2175 425 2249 Datiruur
453 2172 536 2235 illum
565 2172 734 2235 absolutum
749 2169 781 2260 5)
803 2193 888 2254 quem
913 2183 1022 2235 vocant
1043 2194 1062 2234 a
1084 2173 1238 2235 Ciceronis
1259 2182 1290 2235 et
1311 2174 1450 2237 Sallustii

200 2277 412 2337 consuetudine
446 2273 584 2345 alienum,
618 2272 805 2358 Caesarem⁶)
838 2277 963 2354 primurn
998 2274 1026 2334 in
1059 2275 1189 2335 solutam
1212 2274 1378 2336 orationem
1401 2274 1450 2336 ina‘

197 2376 328 2450 duxisse,
355 2373 513 2457 Draeuerll
540 2375 705 2436 contendit.
760 2374 917 2445 Quatenus
951 2394 1022 2437 usus
1054 2375 1142 2453 hujus
1174 2375 1267 2437 dativi
1290 2376 1370 2456 apud
1394 2375 1451 2437 Li-

202 2478 282 2538 vium
306 2479 446 2558 patuerit,
467 2475 653 2553 Ktihnast⁸l
676 2477 752 2539 setis
774 2476 871 2538 docet.
909 2477 999 2555 Apud
1018 2476 1192 2538 Suetonium
1209 2477 1353 2538 nonnulla
1368 2477 1451 2556 ejus-

200 2580 277 2639 modi
299 2579 393 2639 dativi
415 2577 553 2656 exernpla
575 2587 711 2646 exstant,
735 2579 817 2639 velut
838 2575 978 2638 Galbae
999 2578 1189 2639 sinistrorsus
1200 2577 1323 2639 Fundos
1341 2566 1451 2658 peten-

199 2680 289 2751 tibus
313 2679 405 2757 Vesp.
432 2679 457 2738 l.
492 2678 592 2739 Locus
614 2677 652 2738 ad
675 2688 792 2739 sextum
817 2678 984 2739 milliarium
1009 2697 1027 2739 a
1049 2678 1162 2739 Nursia
1186 2677 1351 2758 Spoletium
1375 2699 1449 2740 eun-

200 2780 292 2840 tibus.
334 2779 415 2841 Usus
438 2777 525 2855 liujus
548 2778 642 2839 dativi
665 2780 744 2871 apud
768 2779 947 2857 posteriores
970 2780 1128 2858 scriptores
1151 2798 1208 2840 nou
1234 2781 1292 2840 lete
1314 2790 1407 2860 patet.

283 2914 512 2975 Praestuntiores
545 2909 752 3015 scriptoresl)
782 2911 929 2974 interdurn
953 2914 1085 2975 dativum
1111 2933 1162 2991 pro
1185 2884 1316 2993 genitivo
1338 2932 1451 2996 posue-

201 3019 278 3088 iu‚nt
300 3014 325 3075 si
349 3014 469 3075 dativus
493 3031 550 3075 non
573 3023 636 3074 tum
659 3032 695 3074 ex
717 3013 840 3092 singulis
864 3013 962 3076 verbis
984 3034 1071 3095 quarn
1089 3033 1126 3073 ex
1144 3014 1451 3076 urriversnsententis

200 3116 321 3198 pendet.
366 3114 527 3187 nicusus,
559 3115 607 3194 qui
637 3114 715 3194 apud
738 3114 968 3177 Praestantiores
990 3114 1150 3195 scriptores
1173 3115 1266 3176 rarior
1288 3123 1343 3190 est,
1371 3117 1450 3197 apud

200 3217 386 3279 Posteriores
410 3216 596 3296 maximeque
619 3216 696 3296 apud
720 3215 857 3277 Tacitum
873 3216 918 3297 ι1)
943 3216 1001 3277 late
1024 3208 1116 3297 patet.
1161 3213 1260 3284 Quam
1283 3216 1325 3278 sit
1346 3216 1451 3278 creber

200 3319 288 3397 hujus
308 3317 403 3379 dativi
427 3337 496 3379 usus
524 3316 603 3397 apud
624 3315 754 3386 Livium,
776 3317 909 3379 ostendit
930 3315 1137 3400 Koursou).
1171 3317 1315 3398 Exerrrpla
1329 3316 1451 3396 hujusce

248 3567 482 3640 1)111ι(1ν.239.

244 3650 527 3727 ²)ctrrer.sndr.
554 3655 866 3713 conspissatum
889 3656 977 3729 gnati.

244 3736 269 3814 ³)
292 3745 402 3814 Draeger
425 3759 453 3812 p.
477 3740 549 3795 tol.

246 3824 271 3901 ⁴)
293 3829 345 3885 Bo,
370 3829 403 3885 dc
424 3826 569 3883 latinitate
591 3829 673 3899 hujus
694 3826 823 3883 dictionis
844 3830 984 3894 dubitans,
1007 3828 1158 3884 Chaucium
1182 3827 1226 3882 rel
1249 3826 1364 3893 (insumi
1384 3826 1450 3887 scri·

201 3919 320 3975 bendum
350 3932 406 3970 esse
438 3915 540 3969 censet.
585 3914 631 3970 cn
655 3919 751 3970 tamen
778 3916 859 3986 Prop.
886 3918 910 3971 1.
937 3917 984 3971 18.
1011 3917 1048 3971 31
1075 3912 1215 3970 ”resonent
1238 3913 1305 3969 mihi
1328 3912 1452 3985 Cynthia

199 4003 299 4063 nlvaef’
342 4003 483 4058 Resonant
504 4002 578 4057 euim
599 4001 676 4058 silvie
697 4003 828 4073 Cynthia,
852 4022 907 4059 non
928 4005 1085 4075 cynthiam.

244 4093 269 4163 ὓ)
290 4090 384 4146 Madv.
411 4089 476 4155 1:41'
494 4104 566 4144 aum.
589 4091 618 4145 6.

243 4177 269 4250 ⁶)
291 4179 318 4232 b.
342 4195 370 4250 g.
395 4177 423 4230 3.
448 4175 498 4229 80.

245 4261 269 4336 ⁷)
290 4264 357 4320 Tac.
380 4262 443 4319 Stil.
467 4261 483 4329 ἓ
507 4262 557 4316 50.

245 4348 269 4421 ⁸)
292 4370 317 4423 p.
333 4351 402 4417 ,123
427 4346 517 4422 (flue).

243 4433 269 4509 ⁹)
291 4439 385 4494 Madv.
410 4438 482 4492 241.
507 4436 541 4502 3;
565 4434 637 4492 242.
662 4439 691 4493 2.

227 4526 274 4597 ¹⁰)
296 4525 408 4597 Drrager
429 4524 446 4592 ἓ
469 4524 507 4579 58
532 4520 617 4594 (line).

227 4611 277 4689 ¹¹)
299 4632 327 4685 p.
354 4612 423 4668 119.
