3308 5182
243 377 287 440 ,70

203 554 398 619 4adversns
431 552 531 633 patris
560 551 749 614 voluntatem
761 545 799 635 ¹),
832 552 873 614 A.
903 552 944 613 30
966 552 1117 614 advorsus
1139 549 1281 613 incendia
1304 544 1453 609 excubias
1553 580 1559 591 .

204 660 394 716 courrrrentus
429 663 485 727 est,
517 654 553 714 T.
588 650 629 713 28
661 653 815 726 advorsus
844 652 984 720 convicia
1012 653 1128 725 firmus,
1151 649 1217 717 Gal.
1242 648 1277 715 51
1295 647 1455 709 advorsus

205 755 356 824 barbaros
380 753 608 816 minacissimns
624 745 664 835 1),
686 754 722 817 Τ.
738 752 787 815 -29
809 753 835 814 si
858 753 929 835 quid
953 753 1105 814 adversus
1127 759 1167 816 ιε,
1180 748 1308 811 liberius
1330 746 1453 812 dixero.

205 854 281 917 Anto
313 855 392 917 alias
426 853 554 935 diligere
577 855 612 917 0.
638 853 679 914 50
700 883 731 906 ·=
754 854 921 934 prmaliis,
943 853 976 923 in
999 853 1125 933 primis3
1146 879 1179 904 =
1201 857 1305 921 antea,
1326 845 1455 909 Horatii

204 957 273 1023 vita
303 949 392 1016 ”aute
415 955 482 1034 ipse
505 948 723 1015 sufficiebam'.
769 953 862 1036 Apso
884 973 940 1034 pro
963 954 996 1016 in
1008 950 1040 1035 ,3)
1063 949 1458 1033 Vespbapuddndaeam,

203 1056 245 1135 A.
269 1054 310 1118 93
331 1056 413 1136 apud
436 1055 699 1136 Hierosolymam,
721 1055 762 1117 A.
786 1053 827 1128 92
849 1055 932 1134 apud
954 1054 1087 1116 insulam
1111 1052 1272 1137 Capreas.

217 1228 219 1232 .
288 1153 376 1218 Circa
408 1156 491 1236 apud
520 1154 702 1217 Ciceronem
725 1163 757 1216 et
787 1154 940 1218 Caesarem
963 1154 1023 1217 nisi
1046 1153 1084 1214 de
1107 1153 1175 1216 loco
1199 1188 1235 1218 -,-
1259 1159 1290 1218 ει
1314 1149 1360 1211 ita
1382 1164 1455 1209 raro

209 1292 244 1300 --
269 1257 406 1336 positum
430 1275 490 1317 uon
514 1255 681 1327 invenitur,
703 1255 787 1334 apud
810 1255 896 1317 Suet.
921 1264 952 1317 et
974 1254 1170 1316 Posteriores
1191 1252 1282 1315 Livio
1298 1255 1456 1330 preeunte

205 1356 301 1417 etiam
337 1355 374 1417 ds
408 1348 596 1438 tempor04).
642 1354 689 1417 01.
717 1349 737 1416 7
759 1354 841 1416 circa
863 1355 953 1416 initia
974 1354 1109 1434 imperii,
1132 1353 1166 1417 0.
1190 1352 1232 1414 88
1253 1352 1336 1414 circa
1357 1348 1456 1410 unde·

115 1494 118 1501 ·
205 1456 315 1518 cimam
339 1456 458 1528 horam,
482 1454 528 1518 01.
553 1457 571 1515 2
595 1455 678 1518 Otho
703 1456 751 1531 ll,
772 1454 845 1517 Liv.
869 1454 989 1518 Celsus.
1013 1456 1131 1518 Poetae.
1154 1490 1193 1499 -
1217 1453 1326 1517 Cicero
1343 1448 1456 1513 etCae·

204 1577 258 1619 sar
290 1557 407 1619 habant
440 1555 573 1618 circiter.
598 1593 632 1601 --
657 1557 817 1619 Praetcrea
839 1557 937 1619 habet
959 1557 1041 1618 circa
1063 1555 1144 1636 opud
1166 1554 1253 1617 Suet.
1278 1564 1309 1616 et
1329 1552 1454 1613 Poster.

204 1677 287 1737 saepe
310 1657 442 1723 cundem
465 1676 586 1719 sensnm
611 1677 648 1718 ac
669 1657 739 1731 ''de‚
762 1658 843 1739 quod
867 1657 982 1720 attinet
1003 1658 1056 1730 ad,
1075 1656 1189 1729 in‚ad”
1202 1655 1297 1718 simil.
1310 1645 1338 1737 5)
1351 1688 1389 1699 --
1403 1651 1456 1713 ”in

203 1758 398 1829 ¹Quintiliano
431 1758 499 1820 Zeit
532 1758 739 1838 gewdhnliche
772 1759 977 1838 Bedentnng”
1000 1759 1128 1837 Kriiger
1150 1757 1190 1818 sd
1214 1754 1325 1826 Quint.
1352 1755 1399 1814 10.
1426 1751 1454 1813 l.

204 1859 255 1921 52.
288 1859 328 1921 N.
362 1859 402 1920 23
436 1868 617 1939 occupatum
651 1879 720 1920 esso
749 1861 832 1922 circa
873 1858 953 1934 haec;
983 1857 1067 1921 circa
1104 1876 1229 1920 scenam
1252 1853 1372 1918 versari
1395 1853 1452 1914 Gr.

208 1959 256 2034 18,
288 1959 371 2021 εἰιεε
398 1959 482 2021 Deos
505 1959 710 2040 negligentior
719 1951 748 2043 6)
776 1960 813 2022 T.
837 1958 888 2034 69,
910 1960 989 2022 circa
1011 1977 1218 2022 successorem
1243 1956 1349 2018 omnia
1369 1953 1458 2016 ordi-

208 2079 283 2122 nare
297 2052 323 2139 7)
358 2059 405 2122 Ol.
428 2059 468 2121 45
491 2060 569 2121 satis
592 2080 684 2139 saepe.
729 2057 813 2123 Citra
835 2080 855 2122 a
876 2059 1027 2123 Suetonio
1049 2069 1216 2139 usurpatur
1238 2065 1293 2119 aut
1314 2057 1353 2119 de
1375 2062 1457 2117 tem·

207 2179 282 2241 pore
304 2189 336 2214 =
358 2166 432 2221 ants
466 2161 508 2223 A.
537 2161 578 2225 43
600 2161 678 2222 citra
701 2162 948 2241 spectaculorum
973 2162 1040 2223 dies
1052 2153 1090 2241 8),
1118 2169 1173 2223 aut
1195 2178 1251 2240 per
1273 2154 1458 2220 translatio·

208 2281 278 2323 nem
311 2260 425 2322 dicitur
459 2260 567 2322 eadam
600 2261 827 2341 significatione
860 2281 922 2344 qua
954 2254 1060 2343 sine⁹)
1095 2259 1130 2324 0.
1158 2258 1199 2322 28
1228 2259 1308 2321 citra
1329 2263 1457 2320 senatus

204 2362 436 2435 auctoritatem,
463 2361 503 2423 A.
534 2360 584 2424 66.
615 2362 662 2424 01.
686 2362 736 2424 35.
761 2363 802 2426 Α.
826 2362 876 2424 24.
900 2361 1009 2433 Quint.
1033 2361 1114 2426 Cels.
1139 2360 1246 2424 Plinii.
1291 2356 1403 2421 Contra
1414 2348 1456 2440 ¹⁰)

205 2464 226 2524 i.
252 2482 277 2523 s.
303 2482 331 2543 q.
357 2482 373 2522 ε
408 2461 543 2542 regione,
576 2482 615 2524 ex
649 2465 781 2525 adverso
810 2462 851 2526 A.
875 2463 917 2526 44
939 2473 1047 2526 contra
1068 2461 1218 2524 Praetoris
1241 2459 1393 2534 tribunal,
1415 2459 1457 2521 A.

205 2554 256 2625 94'
278 2583 304 2623 ε.
339 2562 415 2624 solis
444 2571 599 2624 exortum.
644 2559 765 2626 Coram.
788 2563 836 2627 De
859 2585 916 2627 usn
938 2565 1031 2645 hujus
1054 2562 1214 2644 particulae
1237 2561 1318 2642 opud
1342 2561 1457 2624 Sueto-

206 2664 288 2725 nium
313 2661 385 2724 vide
408 2663 566 2725 Handinm
589 2661 633 2743 (p.
661 2664 746 2745 130),
769 2665 820 2746 qui
843 2673 959 2739 censet,
982 2685 1050 2728 eam
1074 2662 1230 2727 nonnullis
1254 2661 1456 2742 locis.s.i.q.

205 2763 302 2838 illico,
336 2763 386 2825 vel
418 2782 522 2825 coram
547 2763 688 2826 omnibns
711 2767 804 2829 Dom.
827 2767 868 2826 23
891 2766 1008 2848 clipeos
1031 2773 1063 2827 ct
1085 2765 1238 2846 imagines
1261 2762 1328 2844 ejus
1349 2781 1456 2826 coram

205 2863 339 2936 detrahi,
360 2863 401 2931 Α.
425 2859 474 2925 27.
500 2865 547 2928 01.
573 2863 621 2926 16.

288 2962 339 3027 Do
371 2983 427 3044 pro
461 2983 499 3026 ex
533 2965 615 3045 quod
649 2965 795 3031 usitatius
821 2975 870 3029 est
890 2968 933 3031 A.
959 2964 996 3030 17
1018 2966 1109 3030 liberi
1132 2966 1169 3027 de
1192 2965 1370 3047 Cleopatra,
1392 2963 1456 3026 Tit.

95 3070 97 3074 ’
205 3065 226 3146 ξι
251 3065 290 3127 do
314 3084 398 3127 more
421 3065 561 3148 rituque3
585 3067 622 3128 de
645 3066 696 3129 die
708 3059 748 3149 ¹¹)
770 3096 803 3120 =
825 3046 928 3131 medio
952 3069 1002 3131 dio
1025 3068 1095 3132 cal.
1118 3062 1170 3130 37.

290 3163 345 3228 Eo
378 3167 541 3230 consulatu
574 3167 716 3230 inimicus
750 3169 784 3232 (l.
811 3168 849 3231 19
881 3172 920 3233 ab
943 3190 979 3232 eo
1002 3180 1142 3250 tempore
1165 3186 1225 3249 quo
1248 3167 1354 3230 consul
1378 3177 1458 3241 erat,

209 3267 382 3350 saepissime
415 3267 461 3328 ita
472 3259 513 3353 12)
553 3268 734 3341 Suetonius,
767 3275 802 3332 nt
823 3269 853 3330 in
876 3271 1086 3341 locutionibus
1109 3270 1215 3352 quales
1238 3281 1310 3332 sunt
1332 3270 1372 3332 A.
1402 3271 1455 3331 101

207 3370 297 3451 lueres
331 3386 370 3430 ex
403 3375 493 3447 parte
519 3369 663 3443 dimidia,
699 3370 739 3431 A.
762 3369 802 3433 02
826 3379 925 3434 mator
947 3391 986 3435 cx
1008 3372 1119 3444 altero,
1148 3370 1216 3433 Cal.
1243 3371 1280 3432 12
1303 3389 1342 3432 ox
1364 3377 1458 3451 partu

260 3566 287 3644 ¹)
311 3570 341 3625 T.
367 3571 403 3624 12
430 3572 528 3626 contra
550 3572 730 3628 voluntatem.

252 3651 279 3732 ²)
302 3658 414 3727 Draeger
436 3674 463 3727 p.
488 3660 556 3714 551.

252 3735 280 3816 ⁸)
303 3742 349 3797 Gfr
370 3743 482 3816 Draeger
504 3746 574 3801 Hist.
596 3745 621 3801 S.
645 3761 671 3813 p.
696 3743 766 3798 542.
809 3741 949 3811 Imprimis
963 3741 1102 3797 Tacitum
1124 3744 1152 3796 et
1175 3740 1336 3796 Suetonium
1358 3740 1392 3795 de
1414 3741 1457 3796 in·

204 3829 273 3887 sulis
294 3830 323 3884 et
345 3829 458 3884 urbibus
480 3833 554 3903 apud
576 3851 626 3902 pro
649 3834 678 3887 in
699 3845 853 3900 usurpasse,
877 3832 969 3884 monet
991 3826 1116 3883 Handius
1137 3845 1164 3898 p.
1188 3827 1258 3881 414.

251 3914 279 4000 ⁴)
302 3915 392 3971 Hand.
415 3935 444 3987 p.
468 3919 516 3975 04.

251 4000 262 4033 ⁵
301 4001 348 4057 Otr
364 4003 481 4074 'Droeger
504 4007 533 4063 T.
545 4008 607 4062 stit.
625 4005 672 4060 32.

251 4096 263 4131 ⁶
302 4088 391 4144 Hand.
416 4091 465 4144 66.

252 4165 262 4214 r
302 4176 391 4230 nonu.
416 4178 464 4230 ca.

199 4258 201 4262 ’
252 4266 264 4299 ⁸
303 4262 392 4318 Hand.
417 4264 466 4327 823
490 4264 600 4337 Draegor
622 4285 648 4336 p.
673 4267 732 4320 573
757 4265 828 4321 citra
851 4265 877 4318 h.
897 4261 918 4319 1.
941 4265 958 4319 i.
981 4283 1000 4319 s.
1023 4282 1048 4334 q.
1072 4268 1172 4335 praeter
1194 4267 1303 4329 censet.¹

251 4351 262 4386 ⁹
303 4350 393 4404 Hand.
417 4351 465 4404 83.

252 4438 264 4476 o

240 4438 250 4475 ¹
302 4438 413 4508 llraeger
435 4454 462 4506 p.
489 4437 558 4488 553.

240 4523 263 4559 ¹1
303 4524 347 4578 rto
369 4522 481 4577 lluhnls.
507 4522 542 4574 cd
568 4522 595 4576 h.
620 4522 639 4577 l.
663 4521 724 4576 Ter.
748 4523 797 4577 Ad.
822 4523 927 4576 5.9.7.
972 4520 1030 4574 niv.
1055 4521 1102 4573 25.
1127 4521 1174 4574 23.

240 4605 278 4680 1²)
301 4609 386 4664 Volut
408 4625 442 4664 ex
465 4627 496 4663 eo
518 4609 558 4676 (ts
576 4609 688 4678 τούτου),
713 4609 811 4664 omisso
834 4604 997 4678 '’tempore”,
1020 4605 1048 4660 0.
1061 4608 1112 4671 20,
1125 4607 1174 4670 22,
1190 4608 1228 4661 79
1253 4608 1314 4670 cet,
1337 4623 1371 4664 ex
1392 4623 1461 4676 proe-

208 4699 276 4752 tura
297 4696 313 4752 i.
336 4713 358 4750 ε.
383 4698 445 4768 post
467 4697 618 4767 praeturam
641 4698 748 4769 gestam
770 4694 798 4750 O.
825 4696 871 4754 18.
896 4696 932 4753 71
958 4697 1010 4749 εει.
1053 4692 1099 4749 cfr
1122 4693 1209 4768 Drasg.
1235 4693 1302 4747 592.
