3308 5182
384 324 395 363 l

1318 353 1376 425 ’43

157 537 240 602 Geli.
283 536 440 603 Primores
462 559 519 620 555
540 539 747 637 principibus.
769 540 882 604 Livius
903 539 1035 622 primus,
1057 539 1085 601 si
1107 538 1291 603 auctoritati
1312 539 1419 602 Kreb-
1551 526 1553 539 '

42 693 45 698 .
158 638 198 702 sii
232 639 330 703 fidere
363 639 447 714 licet,
479 641 526 704 ita
548 642 671 704 locutus
694 650 753 716 555,
775 661 904 723 eumque
933 641 1032 704 secuti
1056 650 1131 703 sunt
1151 640 1346 723 posteriores
1369 659 1417 703 re-

158 759 228 803 rnm
251 740 423 821 scriptores
445 742 486 805 A.
511 736 552 805 79
575 743 703 829 quidam
725 763 742 805 e
764 741 953 824 primoribus
976 739 1165 814 Galliarum,
1179 743 1260 804 satis
1281 740 1417 826 soepe¹).

158 838 349 924 Principalis
382 861 438 922 pro
462 837 645 924 ''principis”
666 844 704 927 (i.
729 864 755 906 5.
779 840 1013 927 imperatoria),
1035 841 1222 925 principalis
1243 842 1418 906 auctoritas

159 943 196 1004 Τ.
219 940 270 1004 65.
296 941 343 1005 01.
370 938 418 1005 17.
443 935 585 1007 05139
617 945 825 1007 Posteriores.
871 941 1072 1026 Prioilepa'um
1094 943 1304 1008 (5515015555
1317 941 1348 1027 ²)
1371 943 1418 1007 15-

158 1061 238 1124 gem,
261 1062 328 1124 quas
350 1044 391 1106 ad
413 1045 557 1125 privatos
580 1046 724 1108 homiues
745 1047 894 1126 pertinet,
917 1044 998 1126 apud
1023 1044 1224 1107 Posteriores
1247 1064 1322 1107 vero
1344 1045 1417 1119 1.,5.

160 1163 190 1225 q.
214 1143 407 1217 benificium,
436 1145 489 1224 jus
513 1148 712 1228 praecipuum.
758 1146 928 1209 Proauotor
949 1145 1073 1226 generis
1098 1145 1147 1207 sui
1169 1144 1218 1209 cl.
1241 1146 1292 1209 24.
1338 1143 1420 1209 Pro·

158 1243 238 1307 datio
258 1273 291 1298 =
314 1259 529 1326 argumentum
564 1248 605 1310 A.
639 1243 659 1310 7
692 1248 772 1311 satis
795 1257 884 1310 certa
904 1246 1093 1329 probatione
1116 1246 1313 1309 tradiderim.
1359 1247 1418 1310 Se-

159 1365 236 1409 neca
260 1346 345 1409 Plin.
371 1348 473 1411 minor
494 1349 702 1412 Posteriores.
746 1347 918 1411 Prodrosus
940 1347 979 1409 de
1002 1347 1181 1411 hominibus
1197 1335 1417 1415 dicituanm.

158 1445 420 1522 8155155051.
446 1450 494 1512 11.
518 1452 594 1513 Τ55.
619 1451 702 1513 Α55.
726 1452 756 1513 3.
779 1449 821 1513 68
843 1449 928 1524 vita;
956 1449 1039 1530 apud
1062 1447 1241 1512 Ciceronem
1265 1448 1419 1513 derebus

161 1555 339 1630 usurpatur.
385 1547 559 1625 Prociders,
593 1551 651 1614 bos
674 1551 811 1632 procidit
844 1552 884 1613 ad
918 1550 1016 1632 pedes
1037 1550 1137 1631 Vesp.
1160 1548 1192 1612 5.
1215 1551 1324 1613 Ρ5555
1344 1548 1417 1615 Lis.

159 1648 244 1712 Plio.
279 1649 394 1729 Major.
439 1649 678 1715 Proconsulatns
708 1653 795 1716 Asiae
818 1652 859 1716 A.
884 1653 905 1713 3
927 1651 1052 1732 555155.
1078 1650 1287 1714 Ρ5555515555.
1333 1648 1417 1713 Pro-

159 1747 276 1812 culcore
309 1751 531 1832 rempublicam
564 1754 662 1834 Vesp.
696 1753 727 1816 5.
760 1753 833 1816 Liv.
870 1754 919 1814 10.
942 1752 993 1814 36.
1017 1750 1047 1813 5.
1072 1750 1282 1815 Posteriores.
1306 1747 1417 1815 Cicero

160 1851 259 1914 habet
290 1852 486 1916 conculcare.
532 1852 701 1938 Procliperr
730 1864 790 1936 555
824 1872 1014 1927 consumere,
1046 1852 1253 1934 profundere3
1275 1870 1352 1934 opes
1375 1853 1417 1917 N.

158 1952 210 2015 30.
234 1950 314 2016 Sall.
337 1953 443 2017 Plaut.
467 1957 541 2019 Tac.
567 1956 671 2017 Varro
695 1976 721 2018 5.
745 1974 769 2018 5.
793 1957 824 2018 2.
847 1954 889 2018 48
911 1953 1055 2036 (propria
1076 1952 1324 2037 significatione)
1345 1965 1418 2016 ’5555

160 2054 336 2135 prodigere.
381 2052 555 2118 Prodneere
588 2055 707 2118 duobus
729 2056 808 2119 locis
830 2056 1001 2119 Suetonius
1025 2054 1102 2117 mihi
1130 2053 1259 2117 videtur
1280 2053 1419 2117 insolen-

160 2162 211 2215 ter
242 2174 421 2236 usurpasse.
447 2157 533 2221 Otho
555 2155 575 2218 5
598 2177 675 2239 quos
697 2146 811 2239 singuli
836 2157 924 2219 binos
948 2156 1174 2238 produxerant,
1196 2157 1237 2218 A.
1265 2153 1320 2217 101
1346 2144 1420 2237 555·
1551 2204 1553 2208 .
1623 2126 1626 2131 ⁸

161 2254 255 2317 duxit
287 2257 430 2337 quadam
464 2256 602 2342 (legata)
636 2259 676 2320 ad
699 2258 796 2320 vicies
819 2257 1009 2336 sestertium.
1054 2258 1126 2319 Hoc
1147 2256 1214 2321 loco
1237 2285 1270 2310 =
1292 2272 1420 2338 augere,

161 2354 217 2418 illo
249 2355 271 2417 1.
304 2385 338 2409 =
371 2357 497 2439 eligere.
544 2357 705 2438 Profectus
731 2378 795 2440 pro
827 2365 1008 2440 progressu,
1030 2376 1178 2420 successu
1200 2357 1242 2420 N.
1266 2357 1307 2419 20
1328 2357 1421 2421 blau·

162 2455 268 2519 diente
299 2459 439 2539 55515555
472 2459 568 2523 0515.
603 2459 707 2522 Varro
741 2459 862 2523 05155.
902 2458 1011 2531 Quint.
1046 2456 1284 2522 SenecaPliu.
1308 2457 1418 2522 minor.

163 2556 273 2620 Cicero
296 2558 356 2620 555
377 2560 608 2639 significatione
631 2561 745 2623 habet:
769 2562 920 2641 proficere
942 2561 974 2623 in
991 2580 1035 2623 re.
1080 2557 1255 2646 Professor,
1269 2578 1334 2622 vox
1352 2576 1419 2640 arg.

163 2659 277 2732 5555515,
310 2678 367 2739 555
400 2661 563 2742 magistro,
596 2669 786 2742 5555555555
809 2663 845 2723 T.
870 2662 963 2743 245.
987 2659 1361 2742 5551555155,555155155
1384 2680 1421 2723 a·

163 2761 225 2839 pud
258 2760 455 2824 Suetonium.
500 2764 550 2825 Ita
582 2764 663 2843 apud
697 2762 879 2826 Ciceronem
903 2763 1019 2827 dicitur
1047 2761 1086 2836 is,
1109 2762 1160 2844 qui
1183 2761 1307 2842 publice
1329 2763 1423 2826 docet

158 2859 298 2942 ¹aliquam
322 2871 444 2936 artem,
467 2864 620 2944 profiteri.
665 2861 822 2942 Professio
843 2864 862 2925 i.
887 2882 912 2926 s.
937 2885 967 2946 q.
994 2862 1122 2945 publica
1142 2862 1299 2927 institutio
1321 2863 1377 2928 Gr.
1400 2861 1422 2927 8

164 2961 351 3027 desidiosior
382 2965 411 3027 15
445 2965 642 3045 professione
671 2965 884 3047 grammatica
912 2966 1117 3029 Posteriores.
1162 2962 1334 3050 Prostaor'es
1356 2966 1421 3028 alsi

163 3059 349 3150 (5155155555)
382 3065 425 3131 A.
459 3063 509 3129 97.
534 3066 645 3130 Celsus
667 3067 880 3131 Posteriores.
925 3064 1096 3152 Prosapere
1115 3066 1256 3147 junctum
1280 3075 1329 3129 set
1351 3086 1419 3130 aum

162 3185 226 3229 acc.
252 3164 319 3231 cal.
342 3165 588 3232 escensionem
611 3198 644 3221 =
666 3189 682 3230 5
705 3168 865 3241 concione,
886 3167 1096 3230 Posteriores.
1121 3166 1244 3249 Optimi
1266 3167 1420 3230 15555551-

163 3267 263 3330 51555
296 3266 359 3330 vim
391 3269 477 3343 huic
496 3270 564 3332 voci
592 3266 846 3352 subjecerunt⁸).
891 3267 1041 3355 Profecto
1063 3287 1120 3350 pro
1143 3268 1305 3343 effusione,
1326 3269 1422 3332 luxu-

163 3367 214 3431 ria
235 3369 320 3451 opud
343 3368 483 3433 Plinium
508 3370 659 3433 minorem
682 3378 715 3432 et
737 3369 926 3433 Suetonium
950 3370 992 3433 N.
1015 3369 1067 3431 30.
1090 3368 1283 3433 Diuitiarum
1310 3380 1342 3432 55
1364 3388 1421 3451 55-

163 3469 416 3534 555151555555
439 3489 497 3533 non
521 3471 616 3535 alium
640 3471 773 3553 putabat
795 3491 887 3553 quam
911 3470 1125 3552 profusionem
1138 3467 1179 3551 ⁴).
1223 3467 1357 3558 Prosuse
1377 3471 1420 3535 A.

162 3564 213 3632 75.
246 3567 288 3633 12
321 3578 469 3635 extruere
491 3570 663 3635 Sallustius
690 3571 812 3635 Livius.
858 3570 1016 3657 Properas
1047 3571 1068 3634 i.
1092 3590 1122 3633 a.
1156 3570 1287 3634 maritus
1319 3572 1422 3654 neptis

163 3671 206 3733 A.
232 3671 270 3736 19
292 3670 415 3736 Seneca
437 3673 576 3735 Tacitus.
622 3671 826 3735 Promeroalr‘e
846 3693 882 3734 -e
904 3692 1011 3737 aurum
1034 3671 1070 3736 0.
1090 3672 1141 3735 54.
1166 3669 1223 3735 Gr.
1247 3672 1288 3735 23
1309 3702 1343 3727 =
1358 3692 1420 3735 re-

165 3772 235 3835 nale
269 3771 389 3836 05155.
422 3773 505 3837 Gall.
549 3772 760 3847 Promissam,
789 3792 852 3836 vox
878 3795 899 3837 5
920 3775 1069 3839 Cicerone
1091 3782 1124 3835 55
1145 3771 1269 3836 casare
1293 3766 1421 3854 rejecta,

144 3873 255 3937 'Livio
289 3873 401 3936 Tacito
435 3873 543 3945 Quint.
578 3875 710 3965 5515555,
732 3875 775 3938 Α.
797 3876 849 3938 53.
873 3875 922 3940 01.
944 3875 982 3938 41
1006 3875 1038 3936 15
1061 3892 1119 3937 usu
1142 3873 1316 3956 promiscuo
1339 3894 1420 3937 esse.

162 3970 344 4039 Promousre
376 3978 457 4057 apud
492 3976 678 4040 Suetonium
711 3984 743 4038 et
764 3977 892 4059 5555515
913 3976 956 4050 si,
979 3987 1013 4038 ut
1035 3994 1160 4056 semper
1181 3975 1266 4058 apud
1288 3982 1421 4049 veteres,

164 4083 198 4137 et
228 4076 385 4140 translata
417 4091 590 4158 usurpatur
623 4077 732 4140 eadem
767 4079 798 4140 ri
822 4072 1420 4161 5555515555ιά5555555555-

165 4206 362 4216 ...η-...ι-

210 4252 236 4328 ι)
257 4261 303 4317 Cir
325 4261 499 4335 Madvigium
520 4263 575 4321 Cic.
598 4265 633 4320 (15
655 4264 715 4320 Pin.
741 4267 769 4319 3.
797 4263 843 4319 16.
869 4263 919 4317 52.

210 4340 236 4417 ²)
259 4348 293 4403 de
315 4348 381 4421 Lag.
407 4352 435 4404 3.
463 4351 511 4405 19.

209 4426 234 4504 ⁸)
258 4435 332 4490 Nam
354 4436 430 4492 15555
451 4437 589 4495 Ciceronis
612 4437 693 4507 (8555.
720 4436 769 4491 22.
795 4438 847 4506 50)
870 4447 888 4491 a
910 4436 1022 4493 Halmio
1044 4437 1170 4493 mutatos
1179 4435 1330 4507 stirme
1345 4432 1420 4501 '’vi'’‚

164 4539 222 4577 noa
243 4516 331 4578 ''vim''
354 4543 428 4581 nuno
450 4525 571 4597 legatur.

209 4601 234 4681 ⁸)
257 4609 375 4686 eropus
396 4611 424 4671 vi
446 4612 521 4688 spus
543 4611 652 4673 cesum
675 4590 803 4672 veturs.
829 4613 844 4671 5
869 4609 1023 4685 armins.
