3308 5182
1393 375 1414 441 6

201 574 236 616 eo
264 563 400 634 tempore
422 553 551 615 Romam
574 554 729 628 conduxit,
761 573 887 635 quorum
910 573 926 615 e
948 572 1084 615 sermono
1107 553 1212 628 multa,
1240 554 1281 617 ab
1306 553 1457 621 indoleat
1554 594 1556 599 ·

201 654 441 734 naturalinguae
463 654 499 716 L.
522 654 729 728 abhorrentia,
751 655 780 716 in
803 655 938 735 linguam
961 654 996 718 L.
1012 653 1234 733 immigrabant,
1258 673 1312 719 uec
1326 655 1475 718 Romul

198 756 265 837 ipsi,
289 775 378 836 quum
400 756 430 816 in
454 756 615 835 provinciis
638 756 689 817 din
711 766 908 828 morarentur,
931 775 1016 819 suum
1033 773 1200 817 sermonem
1216 774 1328 836 purum
1351 765 1382 817 et
1404 776 1457 818 ca-

198 867 300 919 stum·
316 864 486 918 servarunt.
529 851 610 924 Quid
633 856 749 917 multa?
780 857 890 919 Puram
922 856 1010 918 illam
1043 864 1075 917 et
1107 855 1242 917 nativam
1276 855 1456 935 elegantiam

199 955 343 1020 orationis
376 964 550 1019 enervatam
583 956 804 1038 quodammodo
838 967 869 1019 et
902 955 1239 1036 laugnidam2putautes
1261 956 1456 1023 artificiosum

200 1057 317 1120 dicendi
350 1077 443 1138 genus
465 1069 496 1118 et
517 1067 638 1119 acutum
663 1067 694 1118 et
715 1057 853 1119 floridum
876 1057 1043 1121 consectati
1064 1063 1137 1119 suut
1159 1057 1338 1138 posteriores
1360 1058 1457 1138 scrip·

200 1170 292 1220 tores.
338 1158 443 1239 Neque
465 1165 566 1220 tamen
590 1159 772 1238 negaverim,
804 1158 840 1220 iis
862 1177 978 1239 quoque
1000 1176 1085 1220 suam
1107 1157 1238 1232 laudem,
1269 1178 1354 1220 suam
1378 1179 1457 1239 prae-

199 1258 357 1333 stantiam,
379 1278 450 1321 suas
473 1259 602 1321 virtutes
625 1260 904 1333 tribuendasesse3
928 1258 954 1320 si
976 1259 1095 1340 quidem
1118 1258 1256 1321 iunonis
1279 1258 1378 1322 verbis
1399 1261 1457 1322 lin-
1514 1286 1520 1301 ¹

197 1360 314 1441 gaudis⁴
335 1371 426 1422 tauta
456 1359 559 1438 judicii
594 1360 729 1423 sollertia
762 1372 792 1422 et
825 1360 973 1440 elegantia
1006 1359 1051 1424 usi
1073 1368 1156 1433 suut,
1189 1361 1241 1421 vix
1263 1370 1297 1422 ut
1317 1380 1380 1424 aur.
1403 1368 1454 1423 aet.

199 1460 361 1542 scriptores
383 1461 505 1542 aptiora
526 1472 581 1524 aut
603 1462 695 1543 magis
718 1461 839 1542 propria
860 1461 993 1524 tulerint.
1029 1460 1056 1523 E
1080 1480 1188 1538 magno
1209 1469 1311 1524 auteur
1334 1480 1457 1524 numero

198 1563 387 1644 scriptorum,
420 1562 471 1644 qui
505 1561 594 1643 vulgo
630 1582 692 1644 arg.
715 1571 763 1626 at
786 1563 945 1644 scriptores
979 1562 1182 1644 nominantur,
1215 1560 1294 1625 haud
1327 1562 1390 1625 scio
1417 1584 1455 1627 au

199 1663 326 1745 dignior,
360 1663 443 1744 cnjus
476 1664 506 1725 in
538 1683 707 1726 sermonem
728 1665 900 1744 *diligenter
931 1663 1111 1746 inquiratur,
1142 1680 1230 1726 nemo
1252 1664 1287 1727 O.
1310 1663 1456 1731 Suetonio

199 1764 374 1846 Tranquillo
396 1764 447 1839 sit,
480 1765 564 1844 cujus
591 1765 787 1828 elocutionem
818 1766 877 1839 bio,
907 1775 940 1826 ut
962 1764 1137 1846 poterimus,
1166 1766 1343 1829 adumbrare
1364 1785 1456 1828 cona·

199 1866 308 1927 bimur.
350 1867 423 1928 Jam
457 1885 528 1928 vero
560 1868 639 1947 quod
673 1867 784 1930 attinet
804 1868 844 1928 ad
867 1867 1014 1929 rationem
1033 1864 1128 1944 hujus
1151 1864 1378 1945 disputationis,
1410 1866 1456 1929 ita

198 1967 345 2046 agendum
379 1986 445 2028 esse
480 1967 595 2047 putavi,
628 1975 662 2030 ut
680 1967 824 2050 primum
852 1968 969 2048 singula
992 1967 1083 2029 verba
1105 1986 1322 2040 enumerarem,
1354 1986 1374 2029 a
1402 1987 1455 2029 ve·
1564 1972 1567 1979 '

199 2077 295 2129 terum
330 2086 411 2130 more
443 2067 641 2130 abhorrentia
673 2080 728 2130 aut
753 2078 833 2131 certe
856 2068 915 2130 illis
936 2068 1033 2131 miuus
1056 2067 1178 2140 usitata,
1213 2066 1319 2129 deiude
1340 2068 1376 2130 de
1399 2088 1456 2131 usu
1565 2085 1567 2090 ’

198 2168 435 2249 particularum·
451 2187 549 2249 pauca
580 2169 720 2243 dicerem,
755 2178 820 2232 tum
849 2171 886 2231 de
908 2168 1079 2251 syntactica
1099 2167 1216 2230 ratione
1238 2167 1340 2249 aliqua
1362 2186 1454 2250 expo-

197 2272 305 2331 nerem.
348 2268 432 2331 Ante
461 2288 532 2331 vero
566 2288 655 2351 quam
689 2270 729 2332 ad
762 2270 896 2350 singulas
929 2278 1030 2350 partes
1063 2277 1193 2341 transeo,
1221 2269 1326 2349 paucis
1357 2269 1456 2333 attin·

197 2389 276 2448 gam,
309 2369 405 2450 qualis
429 2369 521 2432 fuerit
553 2371 682 2433 elocutio
709 2370 848 2434 Suetonii
870 2371 1022 2445 universa,
1044 2379 1194 2451 quantum¹
1210 2388 1248 2430 ex
1270 2370 1354 2432 libris
1377 2370 1456 2434 Sua·

196 2471 283 2544 tonii,
318 2471 373 2551 qui·
394 2471 600 2534 inscribuntur
621 2471 677 2533 ”de
699 2472 771 2533 vita·
785 2471 948 2545 Caesarum,
980 2471 1017 2532 de
1039 2469 1206 2532 illustribus
1229 2469 1454 2544 Grammaticis,

196 2572 234 2633 de
255 2571 347 2633 claris
369 2571 566 2644 Rhetoribus‚
591 2573 671 2635 Vita
698 2571 884 2653 poetarum’,
900 2571 1033 2651 judicari
1054 2570 1132 2633 licet.
1166 2570 1213 2633 Ac
1236 2569 1362 2650 primum
1386 2571 1452 2652 qui·

196 2672 262 2733 dem
296 2692 385 2754 quum
418 2673 571 2753 quaeritur,
604 2673 724 2755 qualem
757 2692 825 2734 sesa
848 2672 1022 2752 praestiterit
1048 2670 1211 2735 Suetonius
1233 2671 1263 2732 in
1285 2671 1454 2746 scribendo,

197 2772 269 2834 illud
303 2773 448 2854 imprimis
481 2775 729 2837 considerandum
764 2783 821 2848 est,
855 2793 920 2835 euru
957 2773 985 2834 in
1015 2771 1159 2837 historico
1181 2772 1455 2853 orationis.generc

197 2884 347 2936 versatum
380 2894 455 2936 esse.
499 2874 642 2937 Elocutio
674 2876 764 2957 igitur
796 2874 933 2936 Suetonii
968 2884 1030 2936 tam
1059 2892 1150 2954 prope
1174 2893 1193 2933 a
1215 2884 1350 2935 veterum
1373 2893 1454 2938 more

195 2975 292 3048 abest,
314 2984 358 3047 ut,
392 2975 448 3036 nisi
470 2976 570 3037 verbis
592 2977 718 3056 singulis
742 2985 773 3039 et
794 2976 957 3038 structuris
978 2976 1017 3036 ab
1039 2993 1139 3036 eorum
1162 2975 1376 3036 consuetudine
1397 2976 1453 3036 ab·

197 3077 348 3152 horreret,
380 3075 459 3138 inter
491 3077 622 3157 optimos
654 3079 859 3140 Romanorum
892 3073 1098 3161 scriptoresl)
1131 3075 1331 3137 numerandus
1363 3087 1453 3137 esset.

196 3175 304 3239 Oratio
336 3177 414 3239 enirn
448 3177 514 3257 ejus
546 3189 610 3241 tam
645 3198 720 3260 pura
753 3188 784 3240 et
815 3177 992 3258 incorrupta
1013 3186 1068 3252 est,
1101 3185 1133 3238 ut
1156 3175 1228 3238 nihil
1252 3175 1453 3251 emendatius,

195 3287 316 3359 tamque
339 3279 396 3340 leni
418 3289 450 3341 et
471 3279 613 3360 aequahili
635 3288 734 3342 tractu
755 3278 832 3354 fluit,
853 3289 888 3342 ut
908 3278 972 3341 fieri
996 3297 1053 3339 non
1066 3276 1171 3358 possit,
1188 3276 1257 3358 quin
1274 3278 1453 3351 suavissime

196 3392 228 3441 et
256 3378 473 3457 jucundissime
506 3380 620 3443 afficiat
649 3381 776 3456 animos,
802 3381 843 3443 ab
866 3379 946 3441 omni
968 3379 1092 3464 denique
1115 3377 1332 3458 pigmentorum
1355 3378 1453 3441 colore

195 3489 226 3542 et
247 3479 370 3542 floribus
393 3492 455 3542 tam
478 3480 583 3555 libera,
617 3481 669 3542 rix
690 3491 724 3544 ut
745 3500 812 3544 enm
835 3499 897 3560 arg.
920 3479 1006 3542 aetati
1029 3478 1206 3578 adjunctum
1229 3479 1344 3559 credas.
1388 3481 1453 3544 Ac·

196 3580 277 3642 cedit
299 3581 387 3662 quod,
413 3600 594 3664 quamquam
617 3581 716 3644 verbis
739 3602 757 3645 a
779 3581 844 3645 vita
865 3579 1015 3643 communi
1037 3590 1069 3641 et
1090 3599 1144 3641 usu
1159 3578 1335 3660 quotidiano
1349 3575 1453 3662 sump-

194 3682 234 3743 tis
256 3701 329 3743 usus
351 3689 407 3755 est,
428 3691 530 3744 tamen
553 3682 680 3745 orationi
703 3682 776 3745 nihil
799 3682 910 3744 natira
932 3680 1101 3761 elegantia,
1128 3678 1201 3741 nihil
1224 3680 1322 3742 cultus
1344 3680 1453 3744 modici

196 3791 228 3843 et
259 3781 381 3844 nitoris
393 3783 488 3844 deest.
531 3782 640 3846 Omnia
667 3784 748 3864 apud
770 3803 837 3845 eum
859 3803 934 3844 sana
955 3790 987 3843 et
1007 3779 1139 3844 candida
1152 3779 1181 3864 ²)
1203 3790 1287 3878 sunt,
1319 3783 1397 3862 quod
1418 3801 1453 3845 eo

195 3884 290 3962 magis
322 3895 455 3964 emerget
487 3869 519 3945 et
551 3883 691 3959 elucebit,
723 3884 749 3946 si
772 3903 838 3947 curn
860 3884 961 3957 Floro,
991 3881 1100 3963 aequali
1121 3881 1196 3960 ejus,
1224 3874 1325 3962 quiin
1349 3882 1451 3945 eodem

195 3982 369 4065 scriptionis
400 4003 507 4064 genere
539 3995 679 4047 versatus
701 3994 757 4059 est,
789 3983 1023 4065 comparaveris.
1067 3982 1158 4062 Apud
1180 3981 1259 4043 huuc
1281 3982 1359 4044 enim
1382 4002 1450 4045 ora-

194 4084 307 4146 tionem
330 4085 468 4146 invenias
489 4084 626 4147 floridam
650 4094 681 4147 et
702 4086 905 4159 artificiosam,
932 4083 1045 4146 deliciis
1072 4094 1104 4145 et
1133 4078 1287 4173 lenociniis
1308 4101 1451 4164 consper-

194 4205 271 4259 sam,
303 4185 383 4247 omni
411 4185 559 4248 rhetorica
581 4187 765 4267 supellectile
786 4185 875 4270 ita³)
897 4187 1053 4258 refertam,
1087 4193 1119 4246 ut
1141 4183 1215 4282 artis
1230 4177 1372 4282 nimium,
1395 4204 1451 4266 pa·

243 4369 263 4442 ¹)
285 4371 331 4427 cfr
352 4372 517 4443 Bernhardy
551 4373 611 4427 635
647 4369 828 4444 ”Oudendorp
856 4372 1018 4428 barhhmt
1010 4391 1040 4426 m
1065 4371 1124 4426 ihm
1145 4367 1368 4440 scriptorcm—
1396 4384 1451 4439 quo

193 4459 475 4533 praestantiorem-
502 4461 621 4528 antiqua
641 4459 689 4515 vix
711 4461 831 4531 protulit
852 4461 950 4515 Roma.

237 4542 261 4616 ²)
285 4546 396 4616 Vopisc.
412 4546 530 4602 Firmi
557 4542 765 4604 '‘SuetoniusT.
775 4547 1020 4604 emendatissimus
1034 4547 1063 4601 et
1079 4544 1289 4601 candidissimus
1306 4539 1450 4612 scriptor.

237 4627 263 4703 ⁸)
285 4633 450 4705 Bernhardy
471 4634 542 4688 636.
1287 4653 1288 4657 ’
