<?xml version="1.0" encoding="UTF-8"?>
<!DOCTYPE html PUBLIC "-//W3C//DTD XHTML 1.0 Transitional//EN"
    "http://www.w3.org/TR/xhtml1/DTD/xhtml1-transitional.dtd">
<html xmlns="http://www.w3.org/1999/xhtml" xml:lang="en" lang="en">
 <head>
  <title>
</title>
<meta http-equiv="Content-Type" content="text/html;charset=utf-8" />
  <meta name='ocr-system' content='tesseract 3.04.00' />
  <meta name='ocr-capabilities' content='ocr_page ocr_carea ocr_par ocr_line ocrx_word'/>
</head>
<body>
  <div class='ocr_page' id='page_1' title='image "./deelocutionecsu00bagggoog_0093.png"; bbox 0 0 3308 5182; ppageno 0'>
   <div class='ocr_carea' id='block_1_1' title="bbox 274 399 325 467">
    <p class='ocr_par' dir='ltr' id='par_1_1' title="bbox 274 399 325 467">
     <span class='ocr_line' id='line_1_1' title="bbox 274 399 325 467; baseline 0 0"><span class='ocrx_word' id='word_1_1' title='bbox 274 399 325 467; x_wconf 78' lang='lat' dir='ltr'><strong>Sl</strong></span> 
     </span>
    </p>
   </div>
   <div class='ocr_carea' id='block_1_2' title="bbox 119 572 1492 1566">
    <p class='ocr_par' dir='ltr' id='par_1_2' title="bbox 119 572 1492 1463">
     <span class='ocr_line' id='line_1_2' title="bbox 240 572 1492 661; baseline -0.001 -20"><span class='ocrx_word' id='word_1_2' title='bbox 240 578 317 641; x_wconf 77' lang='grc'><strong>(1.5</strong></span> <span class='ocrx_word' id='word_1_3' title='bbox 350 578 506 641; x_wconf 75' lang='lat' dir='ltr'><strong>tribunatu</strong></span> <span class='ocrx_word' id='word_1_4' title='bbox 519 575 565 661; x_wconf 87' lang='lat'><strong>¹).</strong></span> <span class='ocrx_word' id='word_1_5' title='bbox 583 575 712 638; x_wconf 90' lang='lat' dir='ltr'><strong>militum</strong></span> <span class='ocrx_word' id='word_1_6' title='bbox 745 573 841 655; x_wconf 88' lang='lat' dir='ltr'><strong>Vesp.</strong></span> <span class='ocrx_word' id='word_1_7' title='bbox 863 576 893 647; x_wconf 88' lang='grc'><strong>2,</strong></span> <span class='ocrx_word' id='word_1_8' title='bbox 922 574 961 636; x_wconf 98' lang='lat' dir='ltr'><strong>N.</strong></span> <span class='ocrx_word' id='word_1_9' title='bbox 976 575 1024 636; x_wconf 80' lang='lat'><strong>34·</strong></span> <span class='ocrx_word' id='word_1_10' title='bbox 1039 576 1279 655; x_wconf 69' lang='lat' dir='ltr'><strong>peregrinatione</strong></span> <span class='ocrx_word' id='word_1_11' title='bbox 1295 572 1430 651; x_wconf 80' lang='lat' dir='ltr'><strong>Grreciss,</strong></span> <span class='ocrx_word' id='word_1_12' title='bbox 1451 578 1492 639; x_wconf 89' lang='lat' dir='ltr'><strong>N.</strong></span> 
     </span>
     <span class='ocr_line' id='line_1_3' title="bbox 239 674 1492 759; baseline -0.002 -17"><span class='ocrx_word' id='word_1_13' title='bbox 239 678 281 742; x_wconf 83' lang='lat'><strong>46</strong></span> <span class='ocrx_word' id='word_1_14' title='bbox 303 688 439 740; x_wconf 90' lang='lat' dir='ltr'><strong>votorum</strong></span> <span class='ocrx_word' id='word_1_15' title='bbox 460 674 733 759; x_wconf 70' lang='lat' dir='ltr'><strong>nuncupationes).</strong></span> <span class='ocrx_word' id='word_1_16' title='bbox 776 675 827 736; x_wconf 88' lang='lat' dir='ltr'><strong>Ad</strong></span> <span class='ocrx_word' id='word_1_17' title='bbox 850 675 906 736; x_wconf 90' lang='lat' dir='ltr'><strong>hoo</strong></span> <span class='ocrx_word' id='word_1_18' title='bbox 927 693 1020 754; x_wconf 81' lang='lat' dir='ltr'><strong>genus</strong></span> <span class='ocrx_word' id='word_1_19' title='bbox 1042 677 1176 754; x_wconf 83' lang='lat' dir='ltr'><strong>proxime</strong></span> <span class='ocrx_word' id='word_1_20' title='bbox 1198 677 1345 739; x_wconf 83' lang='lat' dir='ltr'><strong>secedunt</strong></span> <span class='ocrx_word' id='word_1_21' title='bbox 1366 678 1492 741; x_wconf 75' lang='lat' dir='ltr'><strong>ablativi</strong></span> 
     </span>
     <span class='ocr_line' id='line_1_4' title="bbox 238 775 1491 859; baseline -0.001 -18"><span class='ocrx_word' id='word_1_22' title='bbox 238 779 494 841; x_wconf 75' lang='lat' dir='ltr'><strong>substantivorum</strong></span> <span class='ocrx_word' id='word_1_23' title='bbox 517 797 582 859; x_wconf 82' lang='lat' dir='ltr'><strong>quae</strong></span> <span class='ocrx_word' id='word_1_24' title='bbox 602 786 675 839; x_wconf 91' lang='lat' dir='ltr'><strong>suut</strong></span> <span class='ocrx_word' id='word_1_25' title='bbox 696 776 792 849; x_wconf 91' lang='lat' dir='ltr'><strong>ludus,</strong></span> <span class='ocrx_word' id='word_1_26' title='bbox 813 775 1030 856; x_wconf 73' lang='lat' dir='ltr'><strong>spectaculum,</strong></span> <span class='ocrx_word' id='word_1_27' title='bbox 1053 777 1275 851; x_wconf 79' lang='lat' dir='ltr'><strong>munussrmrl,</strong></span> <span class='ocrx_word' id='word_1_28' title='bbox 1296 779 1381 855; x_wconf 86' lang='lat' dir='ltr'><strong>cujus</strong></span> <span class='ocrx_word' id='word_1_29' title='bbox 1398 787 1491 855; x_wconf 51' lang='lat' dir='ltr'><strong>gene*</strong></span> 
     </span>
     <span class='ocr_line' id='line_1_5' title="bbox 240 875 1488 959; baseline 0.001 -18"><span class='ocrx_word' id='word_1_30' title='bbox 240 880 281 941; x_wconf 96' lang='lat' dir='ltr'><strong>ris</strong></span> <span class='ocrx_word' id='word_1_31' title='bbox 314 899 385 940; x_wconf 91' lang='lat' dir='ltr'><strong>usus</strong></span> <span class='ocrx_word' id='word_1_32' title='bbox 406 879 487 959; x_wconf 88' lang='lat' dir='ltr'><strong>spud</strong></span> <span class='ocrx_word' id='word_1_33' title='bbox 509 877 636 940; x_wconf 85' lang='lat' dir='ltr'><strong>Sueten.</strong></span> <span class='ocrx_word' id='word_1_34' title='bbox 658 876 915 958; x_wconf 80' lang='lat' dir='ltr'><strong>frequentissimus</strong></span> <span class='ocrx_word' id='word_1_35' title='bbox 936 886 982 937; x_wconf 87' lang='lat' dir='ltr'><strong>est</strong></span> <span class='ocrx_word' id='word_1_36' title='bbox 1003 875 1041 937; x_wconf 92' lang='lat' dir='ltr'><strong>N.</strong></span> <span class='ocrx_word' id='word_1_37' title='bbox 1067 878 1100 937; x_wconf 92' lang='lat' dir='ltr'><strong>ll</strong></span> <span class='ocrx_word' id='word_1_38' title='bbox 1125 877 1313 940; x_wconf 77' lang='lat' dir='ltr'><strong>circensibus</strong></span> <span class='ocrx_word' id='word_1_39' title='bbox 1333 878 1421 953; x_wconf 91' lang='lat' dir='ltr'><strong>ludis,</strong></span> <span class='ocrx_word' id='word_1_40' title='bbox 1452 878 1488 942; x_wconf 82' lang='lat' dir='ltr'><strong>O.</strong></span> 
     </span>
     <span class='ocr_line' id='line_1_6' title="bbox 242 976 1491 1062; baseline 0.002 -22"><span class='ocrx_word' id='word_1_41' title='bbox 242 976 426 1042; x_wconf 74' lang='lat' dir='ltr'><strong>senemr</strong></span> <span class='ocrx_word' id='word_1_42' title='bbox 448 979 526 1041; x_wconf 91' lang='lat' dir='ltr'><strong>ludis</strong></span> <span class='ocrx_word' id='word_1_43' title='bbox 548 1006 580 1032; x_wconf 61' lang='grc' dir='ltr'><strong>ι-</strong></span> <span class='ocrx_word' id='word_1_44' title='bbox 602 997 690 1058; x_wconf 86' lang='lat' dir='ltr'><strong>quum</strong></span> <span class='ocrx_word' id='word_1_45' title='bbox 713 976 776 1039; x_wconf 88' lang='lat' dir='ltr'><strong>ludi</strong></span> <span class='ocrx_word' id='word_1_46' title='bbox 798 988 907 1051; x_wconf 87' lang='lat' dir='ltr'><strong>esseut,</strong></span> <span class='ocrx_word' id='word_1_47' title='bbox 936 976 975 1038; x_wconf 98' lang='lat' dir='ltr'><strong>A.</strong></span> <span class='ocrx_word' id='word_1_48' title='bbox 997 977 1047 1049; x_wconf 82' lang='lat'><strong>43,</strong></span> <span class='ocrx_word' id='word_1_49' title='bbox 1068 977 1108 1039; x_wconf 91' lang='lat' dir='ltr'><strong>A.</strong></span> <span class='ocrx_word' id='word_1_50' title='bbox 1129 978 1172 1039; x_wconf 78' lang='grc'><strong>45</strong></span> <span class='ocrx_word' id='word_1_51' title='bbox 1193 977 1270 1039; x_wconf 91' lang='lat' dir='ltr'><strong>ludis</strong></span> <span class='ocrx_word' id='word_1_52' title='bbox 1293 989 1324 1040; x_wconf 90' lang='lat' dir='ltr'><strong>et</strong></span> <span class='ocrx_word' id='word_1_53' title='bbox 1343 977 1491 1062; x_wconf 73' lang='lat' dir='ltr'><strong>sccun’).</strong></span> 
     </span>
     <span class='ocr_line' id='line_1_7' title="bbox 184 1077 1490 1161; baseline 0.001 -20"><span class='ocrx_word' id='word_1_54' title='bbox 184 1084 207 1131; x_wconf 62' lang='lat' dir='ltr'><strong>d</strong></span> <span class='ocrx_word' id='word_1_55' title='bbox 239 1080 391 1142; x_wconf 83' lang='lat' dir='ltr'><strong>Praetsrea</strong></span> <span class='ocrx_word' id='word_1_56' title='bbox 415 1080 505 1161; x_wconf 76' lang='lat' dir='ltr'><strong>digus</strong></span> <span class='ocrx_word' id='word_1_57' title='bbox 526 1098 592 1159; x_wconf 81' lang='lat' dir='ltr'><strong>quse</strong></span> <span class='ocrx_word' id='word_1_58' title='bbox 614 1079 803 1159; x_wconf 81' lang='lat' dir='ltr'><strong>proferantur</strong></span> <span class='ocrx_word' id='word_1_59' title='bbox 824 1078 888 1139; x_wconf 82' lang='lat' dir='ltr'><strong>hsec</strong></span> <span class='ocrx_word' id='word_1_60' title='bbox 908 1077 1045 1158; x_wconf 80' lang='lat' dir='ltr'><strong>example</strong></span> <span class='ocrx_word' id='word_1_61' title='bbox 1055 1090 1136 1140; x_wconf 83' lang='lat' dir='ltr'><strong>sunt</strong></span> <span class='ocrx_word' id='word_1_62' title='bbox 1169 1079 1283 1141; x_wconf 83' lang='lat' dir='ltr'><strong>N.3in</strong></span> <span class='ocrx_word' id='word_1_63' title='bbox 1296 1079 1400 1142; x_wconf 87' lang='lat' dir='ltr'><strong>diebus</strong></span> <span class='ocrx_word' id='word_1_64' title='bbox 1414 1100 1490 1161; x_wconf 89' lang='lat' dir='ltr'><strong>pau·</strong></span> 
     </span>
     <span class='ocr_line' id='line_1_8' title="bbox 119 1172 1489 1263; baseline 0 -20"><span class='ocrx_word' id='word_1_65' title='bbox 119 1172 124 1185; x_wconf 61' lang='lat'><strong>¹</strong></span> <span class='ocrx_word' id='word_1_66' title='bbox 240 1181 281 1243; x_wconf 89' lang='lat' dir='ltr'><strong>cis</strong></span> <span class='ocrx_word' id='word_1_67' title='bbox 303 1210 336 1235; x_wconf 89' lang='lat'><strong>-=</strong></span> <span class='ocrx_word' id='word_1_68' title='bbox 358 1182 439 1243; x_wconf 85' lang='lat' dir='ltr'><strong>intre</strong></span> <span class='ocrx_word' id='word_1_69' title='bbox 452 1178 494 1263; x_wconf 83' lang='lat'><strong>⁴),</strong></span> <span class='ocrx_word' id='word_1_70' title='bbox 522 1178 628 1240; x_wconf 81' lang='lat' dir='ltr'><strong>addita</strong></span> <span class='ocrx_word' id='word_1_71' title='bbox 650 1176 896 1261; x_wconf 66' lang='lat' dir='ltr'><strong>enunciationel)</strong></span> <span class='ocrx_word' id='word_1_72' title='bbox 918 1178 954 1239; x_wconf 87' lang='lat' dir='ltr'><strong>T.</strong></span> <span class='ocrx_word' id='word_1_73' title='bbox 976 1175 1017 1239; x_wconf 88' lang='grc'><strong>60</strong></span> <span class='ocrx_word' id='word_1_74' title='bbox 1038 1178 1069 1239; x_wconf 89' lang='lat' dir='ltr'><strong>iu</strong></span> <span class='ocrx_word' id='word_1_75' title='bbox 1091 1179 1196 1259; x_wconf 89' lang='lat' dir='ltr'><strong>paucis</strong></span> <span class='ocrx_word' id='word_1_76' title='bbox 1217 1180 1322 1241; x_wconf 89' lang='lat' dir='ltr'><strong>diebus</strong></span> <span class='ocrx_word' id='word_1_77' title='bbox 1344 1189 1433 1262; x_wconf 80' lang='lat' dir='ltr'><strong>quem</strong></span> <span class='ocrx_word' id='word_1_78' title='bbox 1454 1208 1489 1235; x_wconf 66' lang='lat' dir='ltr'><strong>a·</strong></span> 
     </span>
     <span class='ocr_line' id='line_1_9' title="bbox 238 1278 1489 1362; baseline -0.001 -17"><span class='ocrx_word' id='word_1_79' title='bbox 238 1281 341 1362; x_wconf 81' lang='lat' dir='ltr'><strong>peusis</strong></span> <span class='ocrx_word' id='word_1_80' title='bbox 373 1282 479 1343; x_wconf 90' lang='lat' dir='ltr'><strong>diebus</strong></span> <span class='ocrx_word' id='word_1_81' title='bbox 512 1288 686 1361; x_wconf 82' lang='lat' dir='ltr'><strong>postqusru3</strong></span> <span class='ocrx_word' id='word_1_82' title='bbox 717 1279 753 1342; x_wconf 79' lang='grc'><strong>0.</strong></span> <span class='ocrx_word' id='word_1_83' title='bbox 775 1278 816 1341; x_wconf 89' lang='grc'><strong>35</strong></span> <span class='ocrx_word' id='word_1_84' title='bbox 838 1280 918 1343; x_wconf 87' lang='lat' dir='ltr'><strong>intra</strong></span> <span class='ocrx_word' id='word_1_85' title='bbox 940 1278 1073 1360; x_wconf 86' lang='lat' dir='ltr'><strong>quintum</strong></span> <span class='ocrx_word' id='word_1_86' title='bbox 1097 1300 1185 1361; x_wconf 84' lang='lat' dir='ltr'><strong>quem</strong></span> <span class='ocrx_word' id='word_1_87' title='bbox 1206 1281 1334 1343; x_wconf 79' lang='lat' dir='ltr'><strong>affuerat</strong></span> <span class='ocrx_word' id='word_1_88' title='bbox 1356 1283 1431 1345; x_wconf 89' lang='lat' dir='ltr'><strong>diem</strong></span> <span class='ocrx_word' id='word_1_89' title='bbox 1449 1304 1489 1337; x_wconf 84' lang='lat'><strong>.=</strong></span> 
     </span>
     <span class='ocr_line' id='line_1_10' title="bbox 239 1380 1488 1463; baseline 0.002 -20"><span class='ocrx_word' id='word_1_90' title='bbox 239 1383 366 1445; x_wconf 91' lang='lat' dir='ltr'><strong>nondum</strong></span> <span class='ocrx_word' id='word_1_91' title='bbox 400 1380 518 1444; x_wconf 79' lang='lat' dir='ltr'><strong>exectis</strong></span> <span class='ocrx_word' id='word_1_92' title='bbox 549 1381 679 1463; x_wconf 88' lang='lat' dir='ltr'><strong>quinque</strong></span> <span class='ocrx_word' id='word_1_93' title='bbox 710 1380 871 1461; x_wconf 81' lang='lat' dir='ltr'><strong>diebus⁵);</strong></span> <span class='ocrx_word' id='word_1_94' title='bbox 904 1380 949 1441; x_wconf 90' lang='lat' dir='ltr'><strong>bis</strong></span> <span class='ocrx_word' id='word_1_95' title='bbox 981 1380 1029 1442; x_wconf 91' lang='lat' dir='ltr'><strong>die</strong></span> <span class='ocrx_word' id='word_1_96' title='bbox 1056 1381 1123 1442; x_wconf 91' lang='lat' dir='ltr'><strong>Ter.</strong></span> <span class='ocrx_word' id='word_1_97' title='bbox 1147 1381 1210 1443; x_wconf 81' lang='lat' dir='ltr'><strong>vite</strong></span> <span class='ocrx_word' id='word_1_98' title='bbox 1231 1401 1285 1462; x_wconf 90' lang='lat' dir='ltr'><strong>pro</strong></span> <span class='ocrx_word' id='word_1_99' title='bbox 1314 1383 1360 1445; x_wconf 92' lang='lat' dir='ltr'><strong>bis</strong></span> <span class='ocrx_word' id='word_1_100' title='bbox 1385 1384 1415 1445; x_wconf 88' lang='lat' dir='ltr'><strong>in</strong></span> <span class='ocrx_word' id='word_1_101' title='bbox 1439 1384 1488 1445; x_wconf 89' lang='lat' dir='ltr'><strong>die</strong></span> 
     </span>
    </p>

    <p class='ocr_par' dir='ltr' id='par_1_3' title="bbox 236 1481 901 1566">
     <span class='ocr_line' id='line_1_11' title="bbox 236 1481 901 1566; baseline -0.002 -22"><span class='ocrx_word' id='word_1_102' title='bbox 236 1483 315 1566; x_wconf 88' lang='lat' dir='ltr'><strong>quod</strong></span> <span class='ocrx_word' id='word_1_103' title='bbox 337 1481 479 1544; x_wconf 79' lang='lat' dir='ltr'><strong>usitatius</strong></span> <span class='ocrx_word' id='word_1_104' title='bbox 502 1481 597 1565; x_wconf 64' lang='lat' dir='ltr'><strong>esti),</strong></span> <span class='ocrx_word' id='word_1_105' title='bbox 619 1481 666 1543; x_wconf 90' lang='lat' dir='ltr'><strong>bis</strong></span> <span class='ocrx_word' id='word_1_106' title='bbox 687 1500 768 1543; x_wconf 84' lang='lat' dir='ltr'><strong>euno</strong></span> <span class='ocrx_word' id='word_1_107' title='bbox 790 1481 828 1543; x_wconf 69' lang='lat' dir='ltr'><strong>A.</strong></span> <span class='ocrx_word' id='word_1_108' title='bbox 850 1482 901 1545; x_wconf 87' lang='grc'><strong>31.</strong></span> 
     </span>
    </p>
   </div>
   <div class='ocr_carea' id='block_1_3' title="bbox 238 1597 1488 1763">
    <p class='ocr_par' dir='ltr' id='par_1_4' title="bbox 238 1597 1488 1763">
     <span class='ocr_line' id='line_1_12' title="bbox 321 1597 1488 1681; baseline 0 -19"><span class='ocrx_word' id='word_1_109' title='bbox 321 1601 366 1662; x_wconf 88' lang='lat' dir='ltr'><strong>De</strong></span> <span class='ocrx_word' id='word_1_110' title='bbox 399 1599 533 1662; x_wconf 74' lang='lat' dir='ltr'><strong>ablativo</strong></span> <span class='ocrx_word' id='word_1_111' title='bbox 565 1599 720 1680; x_wconf 90' lang='lat' dir='ltr'><strong>temporis,</strong></span> <span class='ocrx_word' id='word_1_112' title='bbox 754 1597 805 1659; x_wconf 89' lang='lat' dir='ltr'><strong>ubi</strong></span> <span class='ocrx_word' id='word_1_113' title='bbox 826 1597 1029 1661; x_wconf 80' lang='lat' dir='ltr'><strong>accusati-vum</strong></span> <span class='ocrx_word' id='word_1_114' title='bbox 1053 1597 1167 1660; x_wconf 85' lang='lat' dir='ltr'><strong>habent</strong></span> <span class='ocrx_word' id='word_1_115' title='bbox 1188 1599 1302 1680; x_wconf 84' lang='lat' dir='ltr'><strong>optimi</strong></span> <span class='ocrx_word' id='word_1_116' title='bbox 1314 1599 1488 1681; x_wconf 85' lang='lat' dir='ltr'><strong>scriptores,</strong></span> 
     </span>
     <span class='ocr_line' id='line_1_13' title="bbox 238 1696 1459 1763; baseline 0.002 -3"><span class='ocrx_word' id='word_1_117' title='bbox 238 1700 304 1763; x_wconf 88' lang='lat' dir='ltr'><strong>vide</strong></span> <span class='ocrx_word' id='word_1_118' title='bbox 325 1696 538 1763; x_wconf 74' lang='lat' dir='ltr'><strong>accusativum.</strong></span> <span class='ocrx_word' id='word_1_119' title='bbox 1369 1710 1372 1714; x_wconf 83' lang='grc'><strong>’</strong></span> <span class='ocrx_word' id='word_1_120' title='bbox 1456 1724 1459 1729; x_wconf 92' lang='grc'><strong><em>·</em></strong></span> 
     </span>
    </p>
   </div>
   <div class='ocr_carea' id='block_1_4' title="bbox 231 1813 1494 3104">
    <p class='ocr_par' dir='ltr' id='par_1_5' title="bbox 231 1813 1494 3104">
     <span class='ocr_line' id='line_1_14' title="bbox 320 1813 1487 1897; baseline 0.001 -19"><span class='ocrx_word' id='word_1_121' title='bbox 320 1815 486 1878; x_wconf 84' lang='lat' dir='ltr'><strong>Ablstivus</strong></span> <span class='ocrx_word' id='word_1_122' title='bbox 507 1816 663 1879; x_wconf 78' lang='lat' dir='ltr'><strong>absolutus</strong></span> <span class='ocrx_word' id='word_1_123' title='bbox 676 1817 705 1897; x_wconf 75' lang='lat'><strong>²)</strong></span> <span class='ocrx_word' id='word_1_124' title='bbox 728 1815 778 1897; x_wconf 91' lang='lat' dir='ltr'><strong>qui</strong></span> <span class='ocrx_word' id='word_1_125' title='bbox 800 1823 925 1877; x_wconf 87' lang='lat' dir='ltr'><strong>vocetur</strong></span> <span class='ocrx_word' id='word_1_126' title='bbox 947 1813 1097 1877; x_wconf 76' lang='lat' dir='ltr'><strong>nonnuliis</strong></span> <span class='ocrx_word' id='word_1_127' title='bbox 1121 1813 1193 1877; x_wconf 88' lang='lat' dir='ltr'><strong>locis</strong></span> <span class='ocrx_word' id='word_1_128' title='bbox 1215 1817 1294 1897; x_wconf 84' lang='lat' dir='ltr'><strong>apud</strong></span> <span class='ocrx_word' id='word_1_129' title='bbox 1309 1817 1487 1881; x_wconf 83' lang='lat' dir='ltr'><strong>Suetonium</strong></span> 
     </span>
     <span class='ocr_line' id='line_1_15' title="bbox 237 1914 1488 1998; baseline 0 -19"><span class='ocrx_word' id='word_1_130' title='bbox 237 1917 329 1997; x_wconf 86' lang='lat' dir='ltr'><strong>psulo</strong></span> <span class='ocrx_word' id='word_1_131' title='bbox 351 1915 527 1979; x_wconf 89' lang='lat' dir='ltr'><strong>insolentius</strong></span> <span class='ocrx_word' id='word_1_132' title='bbox 550 1916 665 1998; x_wconf 87' lang='lat' dir='ltr'><strong>positus</strong></span> <span class='ocrx_word' id='word_1_133' title='bbox 687 1927 745 1990; x_wconf 87' lang='lat' dir='ltr'><strong>est,</strong></span> <span class='ocrx_word' id='word_1_134' title='bbox 773 1934 952 1998; x_wconf 87' lang='lat' dir='ltr'><strong>quamquam</strong></span> <span class='ocrx_word' id='word_1_135' title='bbox 975 1914 1012 1976; x_wconf 88' lang='lat' dir='ltr'><strong>ed</strong></span> <span class='ocrx_word' id='word_1_136' title='bbox 1037 1934 1138 1977; x_wconf 90' lang='lat' dir='ltr'><strong>vocem</strong></span> <span class='ocrx_word' id='word_1_137' title='bbox 1161 1917 1310 1996; x_wconf 73' lang='lat' dir='ltr'><strong>primerio</strong></span> <span class='ocrx_word' id='word_1_138' title='bbox 1332 1919 1488 1980; x_wconf 86' lang='lat' dir='ltr'><strong>sententies</strong></span> 
     </span>
     <span class='ocr_line' id='line_1_16' title="bbox 237 2010 1489 2096; baseline 0.001 -16"><span class='ocrx_word' id='word_1_139' title='bbox 237 2019 374 2091; x_wconf 80' lang='lat' dir='ltr'><strong>refertur,</strong></span> <span class='ocrx_word' id='word_1_140' title='bbox 407 2020 453 2079; x_wconf 90' lang='lat' dir='ltr'><strong>cui</strong></span> <span class='ocrx_word' id='word_1_141' title='bbox 481 2017 557 2080; x_wconf 87' lang='lat' dir='ltr'><strong>elius</strong></span> <span class='ocrx_word' id='word_1_142' title='bbox 579 2037 666 2079; x_wconf 85' lang='lat' dir='ltr'><strong>cesus</strong></span> <span class='ocrx_word' id='word_1_143' title='bbox 687 2017 865 2096; x_wconf 89' lang='lat' dir='ltr'><strong>subjunctus</strong></span> <span class='ocrx_word' id='word_1_144' title='bbox 888 2024 935 2077; x_wconf 88' lang='lat' dir='ltr'><strong>est</strong></span> <span class='ocrx_word' id='word_1_145' title='bbox 952 2010 997 2077; x_wconf 84' lang='grc' dir='ltr'><strong>Ἀ.</strong></span> <span class='ocrx_word' id='word_1_146' title='bbox 1019 2014 1060 2078; x_wconf 92' lang='grc'><strong>65</strong></span> <span class='ocrx_word' id='word_1_147' title='bbox 1083 2016 1189 2095; x_wconf 85' lang='lat' dir='ltr'><strong>Cujum</strong></span> <span class='ocrx_word' id='word_1_148' title='bbox 1212 2027 1243 2079; x_wconf 87' lang='lat' dir='ltr'><strong>st</strong></span> <span class='ocrx_word' id='word_1_149' title='bbox 1263 2013 1389 2081; x_wconf 87' lang='lat' dir='ltr'><strong>Lucium</strong></span> <span class='ocrx_word' id='word_1_150' title='bbox 1411 2019 1489 2081; x_wconf 84' lang='lat' dir='ltr'><strong>emi-</strong></span> 
     </span>
     <span class='ocr_line' id='line_1_17' title="bbox 237 2116 1489 2199; baseline 0.002 -20"><span class='ocrx_word' id='word_1_151' title='bbox 237 2119 277 2179; x_wconf 91' lang='lat' dir='ltr'><strong>sit</strong></span> <span class='ocrx_word' id='word_1_152' title='bbox 297 2119 412 2192; x_wconf 86' lang='lat' dir='ltr'><strong>ambos,</strong></span> <span class='ocrx_word' id='word_1_153' title='bbox 433 2117 508 2198; x_wconf 82' lang='lat' dir='ltr'><strong>cajo</strong></span> <span class='ocrx_word' id='word_1_154' title='bbox 530 2119 560 2179; x_wconf 91' lang='lat' dir='ltr'><strong>in</strong></span> <span class='ocrx_word' id='word_1_155' title='bbox 582 2119 687 2199; x_wconf 76' lang='lat' dir='ltr'><strong>Lycia,</strong></span> <span class='ocrx_word' id='word_1_156' title='bbox 710 2117 804 2180; x_wconf 89' lang='lat' dir='ltr'><strong>Lucio</strong></span> <span class='ocrx_word' id='word_1_157' title='bbox 826 2116 969 2179; x_wconf 76' lang='lat' dir='ltr'><strong>Massiliae</strong></span> <span class='ocrx_word' id='word_1_158' title='bbox 984 2117 1133 2179; x_wconf 77' lang='lat' dir='ltr'><strong>defunctis</strong></span> <span class='ocrx_word' id='word_1_159' title='bbox 1155 2137 1208 2198; x_wconf 88' lang='lat' dir='ltr'><strong>pro</strong></span> <span class='ocrx_word' id='word_1_160' title='bbox 1230 2117 1338 2198; x_wconf 83' lang='lat' dir='ltr'><strong>stum</strong></span> <span class='ocrx_word' id='word_1_161' title='bbox 1361 2155 1401 2165; x_wconf 94' lang='lat'>-</span> <span class='ocrx_word' id='word_1_162' title='bbox 1424 2120 1489 2181; x_wconf 92' lang='lat' dir='ltr'><strong>Lu·</strong></span> 
     </span>
     <span class='ocr_line' id='line_1_18' title="bbox 237 2218 1486 2298; baseline 0 -16"><span class='ocrx_word' id='word_1_163' title='bbox 237 2219 313 2282; x_wconf 90' lang='lat' dir='ltr'><strong>cium</strong></span> <span class='ocrx_word' id='word_1_164' title='bbox 337 2254 375 2265; x_wconf 92' lang='lat'><em>-</em></span> <span class='ocrx_word' id='word_1_165' title='bbox 398 2219 566 2294; x_wconf 78' lang='lat' dir='ltr'><strong>defunctos,</strong></span> <span class='ocrx_word' id='word_1_166' title='bbox 599 2219 634 2282; x_wconf 82' lang='lat'><strong>0.</strong></span> <span class='ocrx_word' id='word_1_167' title='bbox 658 2220 698 2281; x_wconf 83' lang='lat'><strong>22</strong></span> <span class='ocrx_word' id='word_1_168' title='bbox 720 2228 848 2298; x_wconf 78' lang='lat' dir='ltr'><strong>negante</strong></span> <span class='ocrx_word' id='word_1_169' title='bbox 870 2218 996 2298; x_wconf 85' lang='lat' dir='ltr'><strong>quodem</strong></span> <span class='ocrx_word' id='word_1_170' title='bbox 1019 2219 1223 2298; x_wconf 84' lang='lat' dir='ltr'><strong>responderet,</strong></span> <span class='ocrx_word' id='word_1_171' title='bbox 1255 2220 1292 2283; x_wconf 90' lang='lat' dir='ltr'><strong>T.</strong></span> <span class='ocrx_word' id='word_1_172' title='bbox 1315 2221 1353 2282; x_wconf 87' lang='grc'><strong>31</strong></span> <span class='ocrx_word' id='word_1_173' title='bbox 1377 2221 1486 2283; x_wconf 90' lang='lat' dir='ltr'><strong>iterum</strong></span> 
     </span>
     <span class='ocr_line' id='line_1_19' title="bbox 237 2316 1486 2402; baseline 0.001 -21"><span class='ocrx_word' id='word_1_174' title='bbox 237 2329 377 2382; x_wconf 89' lang='lat' dir='ltr'><strong>censente</strong></span> <span class='ocrx_word' id='word_1_175' title='bbox 410 2316 481 2402; x_wconf 85' lang='lat' dir='ltr'><strong>(pro</strong></span> <span class='ocrx_word' id='word_1_176' title='bbox 513 2319 653 2402; x_wconf 86' lang='lat' dir='ltr'><strong>censens)</strong></span> <span class='ocrx_word' id='word_1_177' title='bbox 675 2354 714 2364; x_wconf 84' lang='lat'>-</span> <span class='ocrx_word' id='word_1_178' title='bbox 736 2319 872 2382; x_wconf 88' lang='lat' dir='ltr'><strong>obtinere</strong></span> <span class='ocrx_word' id='word_1_179' title='bbox 894 2338 952 2380; x_wconf 90' lang='lat' dir='ltr'><strong>nou</strong></span> <span class='ocrx_word' id='word_1_180' title='bbox 976 2319 1125 2399; x_wconf 69' lang='lat' dir='ltr'><strong>potuit8).</strong></span> <span class='ocrx_word' id='word_1_181' title='bbox 1176 2320 1373 2383; x_wconf 90' lang='lat' dir='ltr'><strong>Inveniuntur</strong></span> <span class='ocrx_word' id='word_1_182' title='bbox 1394 2322 1486 2383; x_wconf 84' lang='lat' dir='ltr'><strong>eliam</strong></span> 
     </span>
     <span class='ocr_line' id='line_1_20' title="bbox 237 2403 1489 2509; baseline 0 -26"><span class='ocrx_word' id='word_1_183' title='bbox 237 2420 317 2500; x_wconf 88' lang='lat' dir='ltr'><strong>apud</strong></span> <span class='ocrx_word' id='word_1_184' title='bbox 339 2420 514 2509; x_wconf 87' lang='lat' dir='ltr'><strong>Suetonium</strong></span> <span class='ocrx_word' id='word_1_185' title='bbox 537 2420 674 2500; x_wconf 79' lang='lat' dir='ltr'><strong>exempla</strong></span> <span class='ocrx_word' id='word_1_186' title='bbox 695 2419 821 2483; x_wconf 80' lang='lat' dir='ltr'><strong>ablativi</strong></span> <span class='ocrx_word' id='word_1_187' title='bbox 836 2418 977 2494; x_wconf 84' lang='lat' dir='ltr'><strong>absoluti,</strong></span> <span class='ocrx_word' id='word_1_188' title='bbox 1000 2418 1050 2480; x_wconf 91' lang='lat' dir='ltr'><strong>ubi</strong></span> <span class='ocrx_word' id='word_1_189' title='bbox 1065 2403 1231 2498; x_wconf 83' lang='lat' dir='ltr'><strong>subjectum</strong></span> <span class='ocrx_word' id='word_1_190' title='bbox 1247 2421 1388 2483; x_wconf 86' lang='lat' dir='ltr'><strong>omissum</strong></span> <span class='ocrx_word' id='word_1_191' title='bbox 1401 2419 1489 2506; x_wconf 65' lang='lat' dir='ltr'><strong>estl)</strong></span> 
     </span>
     <span class='ocr_line' id='line_1_21' title="bbox 238 2519 1494 2609; baseline 0.004 -29"><span class='ocrx_word' id='word_1_192' title='bbox 238 2521 319 2583; x_wconf 84' lang='lat' dir='ltr'><strong>ve&#39;lut</strong></span> <span class='ocrx_word' id='word_1_193' title='bbox 340 2520 385 2583; x_wconf 84' lang='grc'><strong>01.</strong></span> <span class='ocrx_word' id='word_1_194' title='bbox 410 2520 448 2582; x_wconf 95' lang='grc'><strong>15</strong></span> <span class='ocrx_word' id='word_1_195' title='bbox 469 2521 653 2594; x_wconf 83' lang='lat' dir='ltr'><strong>absentibus,</strong></span> <span class='ocrx_word' id='word_1_196' title='bbox 685 2521 847 2583; x_wconf 91' lang='lat' dir='ltr'><strong>secundum</strong></span> <span class='ocrx_word' id='word_1_197' title='bbox 875 2526 1036 2601; x_wconf 74' lang='lat' dir='ltr'><strong>presentes</strong></span> <span class='ocrx_word' id='word_1_198' title='bbox 1066 2519 1206 2582; x_wconf 81' lang='lat' dir='ltr'><strong>facillime</strong></span> <span class='ocrx_word' id='word_1_199' title='bbox 1228 2522 1323 2585; x_wconf 82' lang='lat' dir='ltr'><strong>debet</strong></span> <span class='ocrx_word' id='word_1_200' title='bbox 1343 2550 1376 2575; x_wconf 92' lang='lat'><strong><em>=</em></strong></span> <span class='ocrx_word' id='word_1_201' title='bbox 1398 2543 1494 2609; x_wconf 22' lang='lat' dir='ltr'><strong>quum·</strong></span> 
     </span>
     <span class='ocr_line' id='line_1_22' title="bbox 237 2613 1487 2703; baseline 0.003 -20"><span class='ocrx_word' id='word_1_202' title='bbox 237 2623 357 2702; x_wconf 86' lang='lat' dir='ltr'><strong>quidem</strong></span> <span class='ocrx_word' id='word_1_203' title='bbox 380 2622 529 2685; x_wconf 79' lang='lat' dir='ltr'><strong>abessent.</strong></span> <span class='ocrx_word' id='word_1_204' title='bbox 576 2622 731 2685; x_wconf 88' lang='lat' dir='ltr'><strong>Interdum</strong></span> <span class='ocrx_word' id='word_1_205' title='bbox 755 2622 841 2685; x_wconf 87' lang='lat' dir='ltr'><strong>lacile</strong></span> <span class='ocrx_word' id='word_1_206' title='bbox 863 2621 1030 2700; x_wconf 89' lang='lat' dir='ltr'><strong>subjectum</strong></span> <span class='ocrx_word' id='word_1_207' title='bbox 1043 2613 1083 2702; x_wconf 87' lang='lat'><strong>¹⁰)</strong></span> <span class='ocrx_word' id='word_1_208' title='bbox 1105 2622 1200 2684; x_wconf 89' lang='lat' dir='ltr'><strong>audiri</strong></span> <span class='ocrx_word' id='word_1_209' title='bbox 1222 2633 1323 2703; x_wconf 89' lang='lat' dir='ltr'><strong>potest</strong></span> <span class='ocrx_word' id='word_1_210' title='bbox 1345 2623 1426 2685; x_wconf 89' lang='lat' dir='ltr'><strong>velut</strong></span> <span class='ocrx_word' id='word_1_211' title='bbox 1446 2622 1487 2687; x_wconf 91' lang='lat' dir='ltr'><strong>N.</strong></span> 
     </span>
     <span class='ocr_line' id='line_1_23' title="bbox 237 2721 1486 2804; baseline 0.001 -21"><span class='ocrx_word' id='word_1_212' title='bbox 237 2722 278 2783; x_wconf 87' lang='grc'><strong>23</strong></span> <span class='ocrx_word' id='word_1_213' title='bbox 296 2721 413 2800; x_wconf 86' lang='lat' dir='ltr'><strong>judices</strong></span> <span class='ocrx_word' id='word_1_214' title='bbox 435 2722 673 2784; x_wconf 88' lang='lat' dir='ltr'><strong>reverentissime</strong></span> <span class='ocrx_word' id='word_1_215' title='bbox 694 2721 904 2804; x_wconf 88' lang='lat' dir='ltr'><strong>alloquebatur</strong></span> <span class='ocrx_word' id='word_1_216' title='bbox 926 2731 1013 2800; x_wconf 86' lang='lat' dir='ltr'><strong>atque</strong></span> <span class='ocrx_word' id='word_1_217' title='bbox 1036 2730 1068 2783; x_wconf 90' lang='lat' dir='ltr'><strong>ut</strong></span> <span class='ocrx_word' id='word_1_218' title='bbox 1090 2723 1212 2784; x_wconf 84' lang='lat' dir='ltr'><strong>auderet</strong></span> <span class='ocrx_word' id='word_1_219' title='bbox 1234 2758 1272 2768; x_wconf 87' lang='lat'><strong>-</strong></span> <span class='ocrx_word' id='word_1_220' title='bbox 1295 2723 1486 2786; x_wconf 83' lang='lat' dir='ltr'><strong>hortantibus</strong></span> 
     </span>
     <span class='ocr_line' id='line_1_24' title="bbox 231 2818 1486 2911; baseline 0.002 -27"><span class='ocrx_word' id='word_1_221' title='bbox 231 2822 320 2906; x_wconf 82' lang='lat' dir='ltr'><strong>(sudi</strong></span> <span class='ocrx_word' id='word_1_222' title='bbox 349 2818 528 2904; x_wconf 86' lang='lat' dir='ltr'><strong>judicibus),</strong></span> <span class='ocrx_word' id='word_1_223' title='bbox 560 2823 655 2904; x_wconf 90' lang='lat' dir='ltr'><strong>Vesp.</strong></span> <span class='ocrx_word' id='word_1_224' title='bbox 678 2823 708 2896; x_wconf 87' lang='grc'><strong>5,</strong></span> <span class='ocrx_word' id='word_1_225' title='bbox 735 2823 823 2911; x_wconf 69' lang='grc'><strong>(1.4,</strong></span> <span class='ocrx_word' id='word_1_226' title='bbox 851 2821 896 2884; x_wconf 81' lang='lat' dir='ltr'><strong>cl.</strong></span> <span class='ocrx_word' id='word_1_227' title='bbox 919 2821 959 2884; x_wconf 92' lang='grc'><strong>26</strong></span> <span class='ocrx_word' id='word_1_228' title='bbox 982 2841 1040 2883; x_wconf 92' lang='lat' dir='ltr'><strong>non</strong></span> <span class='ocrx_word' id='word_1_229' title='bbox 1064 2825 1190 2902; x_wconf 83' lang='lat' dir='ltr'><strong>repertis</strong></span> <span class='ocrx_word' id='word_1_230' title='bbox 1217 2824 1266 2905; x_wconf 90' lang='lat' dir='ltr'><strong>qui</strong></span> <span class='ocrx_word' id='word_1_231' title='bbox 1289 2836 1486 2906; x_wconf 86' lang='lat' dir='ltr'><strong>sequerentur</strong></span> 
     </span>
     <span class='ocr_line' id='line_1_25' title="bbox 233 2922 1484 3005; baseline 0.003 -22"><span class='ocrx_word' id='word_1_232' title='bbox 233 2923 409 3003; x_wconf 78' lang='lat' dir='ltr'><strong>exemplum.</strong></span> <span class='ocrx_word' id='word_1_233' title='bbox 463 2922 552 2985; x_wconf 87' lang='lat' dir='ltr'><strong>Tslia</strong></span> <span class='ocrx_word' id='word_1_234' title='bbox 574 2922 714 3004; x_wconf 86' lang='lat' dir='ltr'><strong>exempla</strong></span> <span class='ocrx_word' id='word_1_235' title='bbox 736 2924 815 3005; x_wconf 83' lang='lat' dir='ltr'><strong>apud</strong></span> <span class='ocrx_word' id='word_1_236' title='bbox 839 2923 975 2984; x_wconf 84' lang='lat' dir='ltr'><strong>Tacitum</strong></span> <span class='ocrx_word' id='word_1_237' title='bbox 998 2932 1029 2983; x_wconf 92' lang='lat' dir='ltr'><strong>et</strong></span> <span class='ocrx_word' id='word_1_238' title='bbox 1051 2923 1190 3004; x_wconf 78' lang='lat' dir='ltr'><strong>aequales,</strong></span> <span class='ocrx_word' id='word_1_239' title='bbox 1212 2936 1364 3005; x_wconf 83' lang='lat' dir='ltr'><strong>praeeuute</strong></span> <span class='ocrx_word' id='word_1_240' title='bbox 1386 2927 1484 2999; x_wconf 89' lang='lat' dir='ltr'><strong>Livio,</strong></span> 
     </span>
     <span class='ocr_line' id='line_1_26' title="bbox 233 3024 503 3104; baseline 0.004 -20"><span class='ocrx_word' id='word_1_241' title='bbox 233 3024 410 3104; x_wconf 78' lang='lat' dir='ltr'><strong>frequentia·</strong></span> <span class='ocrx_word' id='word_1_242' title='bbox 424 3032 503 3085; x_wconf 90' lang='lat' dir='ltr'><strong>suut.</strong></span> 
     </span>
    </p>
   </div>
   <div class='ocr_carea' id='block_1_5' title="bbox 230 3134 1498 3425">
    <p class='ocr_par' dir='ltr' id='par_1_6' title="bbox 230 3134 1498 3425">
     <span class='ocr_line' id='line_1_27' title="bbox 316 3134 1486 3224; baseline 0.003 -22"><span class='ocrx_word' id='word_1_243' title='bbox 316 3142 420 3203; x_wconf 88' lang='lat' dir='ltr'><strong>Monet</strong></span> <span class='ocrx_word' id='word_1_244' title='bbox 453 3141 553 3202; x_wconf 91' lang='lat' dir='ltr'><strong>Bremi</strong></span> <span class='ocrx_word' id='word_1_245' title='bbox 567 3134 617 3224; x_wconf 83' lang='lat'><strong>¹¹),</strong></span> <span class='ocrx_word' id='word_1_246' title='bbox 650 3140 826 3202; x_wconf 86' lang='lat' dir='ltr'><strong>Suetonium</strong></span> <span class='ocrx_word' id='word_1_247' title='bbox 850 3159 930 3219; x_wconf 82' lang='lat' dir='ltr'><strong>saepe</strong></span> <span class='ocrx_word' id='word_1_248' title='bbox 958 3141 1093 3203; x_wconf 88' lang='lat' dir='ltr'><strong>adverbii</strong></span> <span class='ocrx_word' id='word_1_249' title='bbox 1122 3142 1185 3204; x_wconf 87' lang='lat' dir='ltr'><strong>loco</strong></span> <span class='ocrx_word' id='word_1_250' title='bbox 1208 3144 1372 3205; x_wconf 76' lang='lat' dir='ltr'><strong>ablativum</strong></span> <span class='ocrx_word' id='word_1_251' title='bbox 1396 3144 1486 3206; x_wconf 85' lang='lat' dir='ltr'><strong>edhi-</strong></span> 
     </span>
     <span class='ocr_line' id='line_1_28' title="bbox 234 3240 1498 3321; baseline 0.006 -19"><span class='ocrx_word' id='word_1_252' title='bbox 234 3241 332 3305; x_wconf 88' lang='lat' dir='ltr'><strong>buisse</strong></span> <span class='ocrx_word' id='word_1_253' title='bbox 355 3243 435 3304; x_wconf 91' lang='lat' dir='ltr'><strong>velut</strong></span> <span class='ocrx_word' id='word_1_254' title='bbox 457 3241 619 3315; x_wconf 82' lang='lat' dir='ltr'><strong>destinato,</strong></span> <span class='ocrx_word' id='word_1_255' title='bbox 643 3243 785 3304; x_wconf 80' lang='lat' dir='ltr'><strong>festinato</strong></span> <span class='ocrx_word' id='word_1_256' title='bbox 807 3240 841 3304; x_wconf 80' lang='lat'><strong>0.</strong></span> <span class='ocrx_word' id='word_1_257' title='bbox 867 3240 914 3313; x_wconf 90' lang='grc'><strong>16,</strong></span> <span class='ocrx_word' id='word_1_258' title='bbox 941 3250 1088 3321; x_wconf 81' lang='lat' dir='ltr'><strong>augurato</strong></span> <span class='ocrx_word' id='word_1_259' title='bbox 1109 3242 1149 3305; x_wconf 92' lang='lat' dir='ltr'><strong>A.</strong></span> <span class='ocrx_word' id='word_1_260' title='bbox 1172 3245 1222 3318; x_wconf 88' lang='grc'><strong>30,</strong></span> <span class='ocrx_word' id='word_1_261' title='bbox 1244 3245 1351 3307; x_wconf 89' lang='lat' dir='ltr'><strong>sortito</strong></span> <span class='ocrx_word' id='word_1_262' title='bbox 1374 3245 1413 3306; x_wconf 91' lang='lat' dir='ltr'><strong>A.</strong></span> <span class='ocrx_word' id='word_1_263' title='bbox 1436 3240 1498 3321; x_wconf 72' lang='lat'><strong>72,</strong></span> 
     </span>
     <span class='ocr_line' id='line_1_29' title="bbox 230 3341 633 3425; baseline 0.002 -20"><span class='ocrx_word' id='word_1_264' title='bbox 230 3353 353 3417; x_wconf 88' lang='lat' dir='ltr'><strong>secreto,</strong></span> <span class='ocrx_word' id='word_1_265' title='bbox 375 3341 523 3425; x_wconf 90' lang='lat' dir='ltr'><strong>consulto,</strong></span> <span class='ocrx_word' id='word_1_266' title='bbox 545 3342 633 3406; x_wconf 89' lang='lat' dir='ltr'><strong>simil.</strong></span> 
     </span>
    </p>
   </div>
   <div class='ocr_carea' id='block_1_6' title="bbox 232 3593 1565 4707">
    <p class='ocr_par' dir='ltr' id='par_1_7' title="bbox 280 3593 1017 3666">
     <span class='ocr_line' id='line_1_30' title="bbox 280 3593 1017 3666; baseline 0.004 -18"><span class='ocrx_word' id='word_1_267' title='bbox 280 3593 306 3664; x_wconf 88' lang='lat'><strong>¹)</strong></span> <span class='ocrx_word' id='word_1_268' title='bbox 327 3593 431 3649; x_wconf 80' lang='lat' dir='ltr'><strong>Contra</strong></span> <span class='ocrx_word' id='word_1_269' title='bbox 453 3597 483 3651; x_wconf 88' lang='lat' dir='ltr'><strong>in</strong></span> <span class='ocrx_word' id='word_1_270' title='bbox 504 3596 596 3666; x_wconf 88' lang='lat' dir='ltr'><strong>primo</strong></span> <span class='ocrx_word' id='word_1_271' title='bbox 618 3594 764 3652; x_wconf 72' lang='lat' dir='ltr'><strong>consulatu</strong></span> <span class='ocrx_word' id='word_1_272' title='bbox 786 3593 813 3648; x_wconf 80' lang='lat'><strong>0.</strong></span> <span class='ocrx_word' id='word_1_273' title='bbox 838 3595 888 3661; x_wconf 81' lang='lat'><strong>54,</strong></span> <span class='ocrx_word' id='word_1_274' title='bbox 912 3595 943 3650; x_wconf 88' lang='lat' dir='ltr'><strong>T.</strong></span> <span class='ocrx_word' id='word_1_275' title='bbox 969 3597 1017 3651; x_wconf 84' lang='lat'><strong>65.</strong></span> 
     </span>
    </p>

    <p class='ocr_par' dir='ltr' id='par_1_8' title="bbox 275 3673 1293 3754">
     <span class='ocr_line' id='line_1_31' title="bbox 275 3673 1293 3754; baseline 0.004 -19"><span class='ocrx_word' id='word_1_276' title='bbox 275 3673 302 3751; x_wconf 81' lang='lat'><strong>²)</strong></span> <span class='ocrx_word' id='word_1_277' title='bbox 328 3676 391 3736; x_wconf 79' lang='lat' dir='ltr'><strong>”Die</strong></span> <span class='ocrx_word' id='word_1_278' title='bbox 413 3700 469 3752; x_wconf 90' lang='lat' dir='ltr'><strong>quo</strong></span> <span class='ocrx_word' id='word_1_279' title='bbox 492 3687 559 3740; x_wconf 81' lang='lat' dir='ltr'><strong>vote</strong></span> <span class='ocrx_word' id='word_1_280' title='bbox 580 3701 630 3754; x_wconf 92' lang='lat' dir='ltr'><strong>pro</strong></span> <span class='ocrx_word' id='word_1_281' title='bbox 652 3680 744 3736; x_wconf 86' lang='lat' dir='ltr'><strong>salute</strong></span> <span class='ocrx_word' id='word_1_282' title='bbox 765 3681 899 3751; x_wconf 88' lang='lat' dir='ltr'><strong>principis</strong></span> <span class='ocrx_word' id='word_1_283' title='bbox 921 3677 1157 3753; x_wconf 78' lang='lat' dir='ltr'><strong>suscipiebantur&#39;’</strong></span> <span class='ocrx_word' id='word_1_284' title='bbox 1181 3682 1293 3740; x_wconf 78' lang='lat' dir='ltr'><strong>Ruhuk.</strong></span> 
     </span>
    </p>

    <p class='ocr_par' dir='ltr' id='par_1_9' title="bbox 235 3759 1485 3927">
     <span class='ocr_line' id='line_1_32' title="bbox 273 3759 1485 3842; baseline 0.007 -21"><span class='ocrx_word' id='word_1_285' title='bbox 273 3759 301 3838; x_wconf 76' lang='lat'><strong>⁸)</strong></span> <span class='ocrx_word' id='word_1_286' title='bbox 325 3767 394 3823; x_wconf 86' lang='lat' dir='ltr'><strong>Vide</strong></span> <span class='ocrx_word' id='word_1_287' title='bbox 427 3769 519 3824; x_wconf 86' lang='lat' dir='ltr'><strong>Bremi</strong></span> <span class='ocrx_word' id='word_1_288' title='bbox 553 3770 588 3825; x_wconf 80' lang='lat' dir='ltr'><strong>sd</strong></span> <span class='ocrx_word' id='word_1_289' title='bbox 621 3770 648 3826; x_wconf 85' lang='grc'><strong>0.</strong></span> <span class='ocrx_word' id='word_1_290' title='bbox 674 3769 701 3823; x_wconf 93' lang='grc'><strong>2.</strong></span> <span class='ocrx_word' id='word_1_291' title='bbox 727 3769 776 3833; x_wconf 85' lang='grc'><strong>39,</strong></span> <span class='ocrx_word' id='word_1_292' title='bbox 810 3767 900 3823; x_wconf 70' lang='grc' dir='ltr'><strong>Μαάν,</strong></span> <span class='ocrx_word' id='word_1_293' title='bbox 927 3769 996 3825; x_wconf 81' lang='grc'><strong>276.</strong></span> <span class='ocrx_word' id='word_1_294' title='bbox 1018 3787 1093 3825; x_wconf 85' lang='lat' dir='ltr'><strong>anm.</strong></span> <span class='ocrx_word' id='word_1_295' title='bbox 1118 3769 1147 3826; x_wconf 93' lang='grc'><strong>2.</strong></span> <span class='ocrx_word' id='word_1_296' title='bbox 1195 3769 1315 3841; x_wconf 79' lang='lat' dir='ltr'><strong>Eleguns</strong></span> <span class='ocrx_word' id='word_1_297' title='bbox 1348 3773 1485 3842; x_wconf 82' lang='lat' dir='ltr'><strong>expositio</strong></span> 
     </span>
     <span class='ocr_line' id='line_1_33' title="bbox 235 3853 1093 3927; baseline 0.003 -19"><span class='ocrx_word' id='word_1_298' title='bbox 235 3853 375 3908; x_wconf 83' lang='lat' dir='ltr'><strong>thnnsli</strong></span> <span class='ocrx_word' id='word_1_299' title='bbox 397 3854 431 3910; x_wconf 92' lang='lat' dir='ltr'><strong>de</strong></span> <span class='ocrx_word' id='word_1_300' title='bbox 454 3856 579 3913; x_wconf 84' lang='lat' dir='ltr'><strong>ablativo</strong></span> <span class='ocrx_word' id='word_1_301' title='bbox 600 3855 734 3927; x_wconf 81' lang='lat' dir='ltr'><strong>temporis</strong></span> <span class='ocrx_word' id='word_1_302' title='bbox 757 3857 799 3911; x_wconf 87' lang='lat' dir='ltr'><strong>est</strong></span> <span class='ocrx_word' id='word_1_303' title='bbox 819 3873 847 3925; x_wconf 88' lang='lat' dir='ltr'><strong>p.</strong></span> <span class='ocrx_word' id='word_1_304' title='bbox 874 3857 932 3911; x_wconf 80' lang='lat'><strong>179</strong></span> <span class='ocrx_word' id='word_1_305' title='bbox 958 3856 1030 3924; x_wconf 81' lang='lat' dir='ltr'><strong>(lin.)</strong></span> <span class='ocrx_word' id='word_1_306' title='bbox 1051 3875 1093 3926; x_wconf 91' lang='lat' dir='ltr'><strong>sq.</strong></span> 
     </span>
    </p>

    <p class='ocr_par' dir='ltr' id='par_1_10' title="bbox 232 3934 1565 4181">
     <span class='ocr_line' id='line_1_34' title="bbox 273 3934 1565 4009; baseline 0.006 -15"><span class='ocrx_word' id='word_1_307' title='bbox 273 3934 297 4009; x_wconf 75' lang='lat'><strong>⁴)</strong></span> <span class='ocrx_word' id='word_1_308' title='bbox 320 3939 366 3994; x_wconf 79' lang='lat' dir='ltr'><strong>Ofr</strong></span> <span class='ocrx_word' id='word_1_309' title='bbox 387 3941 480 3997; x_wconf 77' lang='lat' dir='ltr'><strong>Madv.</strong></span> <span class='ocrx_word' id='word_1_310' title='bbox 505 3944 577 3999; x_wconf 82' lang='grc'><strong>276.</strong></span> <span class='ocrx_word' id='word_1_311' title='bbox 602 3946 631 3999; x_wconf 78' lang='grc'><strong>4.</strong></span> <span class='ocrx_word' id='word_1_312' title='bbox 664 3942 805 3998; x_wconf 79' lang='lat' dir='ltr'><strong>R.·Haase</strong></span> <span class='ocrx_word' id='word_1_313' title='bbox 826 3943 968 3999; x_wconf 67' lang='lat' dir='ltr'><strong>nosset.</strong></span> <span class='ocrx_word' id='word_1_314' title='bbox 991 3946 1025 3999; x_wconf 87' lang='lat' dir='ltr'><strong>A.</strong></span> <span class='ocrx_word' id='word_1_315' title='bbox 1040 3944 1078 3998; x_wconf 92' lang='grc'><strong>22</strong></span> <span class='ocrx_word' id='word_1_316' title='bbox 1102 3943 1131 3997; x_wconf 90' lang='lat' dir='ltr'><strong>iu</strong></span> <span class='ocrx_word' id='word_1_317' title='bbox 1154 3941 1483 4002; x_wconf 82' lang='lat' dir='ltr'><strong>multobrsvitoretem·</strong></span> <span class='ocrx_word' id='word_1_318' title='bbox 1559 3956 1565 3971; x_wconf 90' lang='lat'>&#39;</span> 
     </span>
     <span class='ocr_line' id='line_1_35' title="bbox 232 4029 594 4181; baseline 0.011 -13"><span class='ocrx_word' id='word_1_319' title='bbox 232 4029 510 4181; x_wconf 49' lang='lat' dir='ltr'><strong>miltites.</strong></span> <span class='ocrx_word' id='word_1_320' title='bbox 536 4115 594 4172; x_wconf 49' lang='lat' dir='ltr'><strong>os.</strong></span> 
     </span>
    </p>

    <p class='ocr_par' dir='ltr' id='par_1_11' title="bbox 273 4193 940 4271">
     <span class='ocr_line' id='line_1_36' title="bbox 273 4193 940 4271; baseline 0.001 -15"><span class='ocrx_word' id='word_1_321' title='bbox 273 4193 298 4268; x_wconf 77' lang='lat'><strong>⁸)</strong></span> <span class='ocrx_word' id='word_1_322' title='bbox 321 4201 415 4258; x_wconf 77' lang='lat' dir='ltr'><strong>Madv.</strong></span> <span class='ocrx_word' id='word_1_323' title='bbox 441 4204 511 4259; x_wconf 81' lang='grc'><strong>276.</strong></span> <span class='ocrx_word' id='word_1_324' title='bbox 536 4205 564 4259; x_wconf 85' lang='grc'><strong>3.</strong></span> <span class='ocrx_word' id='word_1_325' title='bbox 608 4200 792 4258; x_wconf 83' lang='lat' dir='ltr'><strong>Ritsohelium</strong></span> <span class='ocrx_word' id='word_1_326' title='bbox 814 4219 842 4271; x_wconf 93' lang='lat' dir='ltr'><strong>p.</strong></span> <span class='ocrx_word' id='word_1_327' title='bbox 868 4202 940 4258; x_wconf 84' lang='lat'><strong>503.</strong></span> 
     </span>
    </p>

    <p class='ocr_par' dir='ltr' id='par_1_12' title="bbox 275 4279 515 4355">
     <span class='ocr_line' id='line_1_37' title="bbox 275 4279 515 4355; baseline 0.021 -13"><span class='ocrx_word' id='word_1_328' title='bbox 275 4279 301 4355; x_wconf 69' lang='grc'><strong>1)</strong></span> <span class='ocrx_word' id='word_1_329' title='bbox 325 4289 419 4344; x_wconf 66' lang='lat' dir='ltr'><strong>Madet.</strong></span> <span class='ocrx_word' id='word_1_330' title='bbox 444 4290 515 4347; x_wconf 83' lang='grc'><strong>277.</strong></span> 
     </span>
    </p>

    <p class='ocr_par' dir='ltr' id='par_1_13' title="bbox 272 4368 1140 4448">
     <span class='ocr_line' id='line_1_38' title="bbox 272 4368 1140 4448; baseline -0.002 -18"><span class='ocrx_word' id='word_1_331' title='bbox 272 4368 297 4444; x_wconf 80' lang='lat'><strong>⁸)</strong></span> <span class='ocrx_word' id='word_1_332' title='bbox 320 4376 360 4431; x_wconf 86' lang='lat' dir='ltr'><strong>De</strong></span> <span class='ocrx_word' id='word_1_333' title='bbox 381 4377 410 4430; x_wconf 92' lang='lat' dir='ltr'><strong>h.</strong></span> <span class='ocrx_word' id='word_1_334' title='bbox 433 4377 561 4448; x_wconf 85' lang='lat' dir='ltr'><strong>exemplo</strong></span> <span class='ocrx_word' id='word_1_335' title='bbox 584 4374 645 4430; x_wconf 86' lang='lat' dir='ltr'><strong>vide</strong></span> <span class='ocrx_word' id='word_1_336' title='bbox 668 4372 719 4429; x_wconf 80' lang='lat' dir='ltr'><strong>Bc.</strong></span> <span class='ocrx_word' id='word_1_337' title='bbox 743 4392 771 4444; x_wconf 92' lang='lat' dir='ltr'><strong>p.</strong></span> <span class='ocrx_word' id='word_1_338' title='bbox 796 4374 878 4440; x_wconf 82' lang='lat'>838;</span> <span class='ocrx_word' id='word_1_339' title='bbox 903 4374 990 4429; x_wconf 87' lang='lat' dir='ltr'><strong>Krebs</strong></span> <span class='ocrx_word' id='word_1_340' title='bbox 1017 4375 1043 4427; x_wconf 94' lang='lat' dir='ltr'><strong>l.</strong></span> <span class='ocrx_word' id='word_1_341' title='bbox 1072 4374 1140 4429; x_wconf 82' lang='lat'><strong>146.</strong></span> 
     </span>
    </p>

    <p class='ocr_par' dir='ltr' id='par_1_14' title="bbox 272 4453 763 4535">
     <span class='ocr_line' id='line_1_39' title="bbox 272 4453 763 4535; baseline -0.004 -18"><span class='ocrx_word' id='word_1_342' title='bbox 272 4453 297 4530; x_wconf 75' lang='lat'><strong>⁰)</strong></span> <span class='ocrx_word' id='word_1_343' title='bbox 321 4462 483 4535; x_wconf 88' lang='lat' dir='ltr'><strong>Nipperdey</strong></span> <span class='ocrx_word' id='word_1_344' title='bbox 506 4464 537 4520; x_wconf 87' lang='lat' dir='ltr'><strong>T.</strong></span> <span class='ocrx_word' id='word_1_345' title='bbox 562 4464 634 4516; x_wconf 87' lang='lat' dir='ltr'><strong>Ann.</strong></span> <span class='ocrx_word' id='word_1_346' title='bbox 663 4463 689 4516; x_wconf 93' lang='grc'><strong>1.</strong></span> <span class='ocrx_word' id='word_1_347' title='bbox 712 4460 763 4515; x_wconf 84' lang='grc'><strong>20.</strong></span> 
     </span>
    </p>

    <p class='ocr_par' dir='ltr' id='par_1_15' title="bbox 275 4543 935 4620">
     <span class='ocr_line' id='line_1_40' title="bbox 275 4543 935 4620; baseline -0.006 -15"><span class='ocrx_word' id='word_1_348' title='bbox 275 4543 309 4617; x_wconf 86' lang='lat'><strong>¹⁰)</strong></span> <span class='ocrx_word' id='word_1_349' title='bbox 332 4550 423 4605; x_wconf 84' lang='lat' dir='ltr'><strong>Madv.</strong></span> <span class='ocrx_word' id='word_1_350' title='bbox 448 4551 519 4608; x_wconf 79' lang='grc'><strong>429.</strong></span> <span class='ocrx_word' id='word_1_351' title='bbox 543 4552 569 4606; x_wconf 93' lang='grc'><strong>2.</strong></span> <span class='ocrx_word' id='word_1_352' title='bbox 593 4548 704 4620; x_wconf 78' lang='lat' dir='ltr'><strong>Draeger</strong></span> <span class='ocrx_word' id='word_1_353' title='bbox 726 4546 755 4603; x_wconf 91' lang='lat' dir='ltr'><strong>T.</strong></span> <span class='ocrx_word' id='word_1_354' title='bbox 778 4565 804 4617; x_wconf 92' lang='lat' dir='ltr'><strong>p.</strong></span> <span class='ocrx_word' id='word_1_355' title='bbox 830 4547 878 4604; x_wconf 82' lang='grc'><strong>71.</strong></span> <span class='ocrx_word' id='word_1_356' title='bbox 933 4562 935 4567; x_wconf 93' lang='grc'><strong><em>·</em></strong></span> 
     </span>
    </p>

    <p class='ocr_par' dir='ltr' id='par_1_16' title="bbox 275 4629 497 4707">
     <span class='ocr_line' id='line_1_41' title="bbox 275 4629 497 4707; baseline 0.005 -15"><span class='ocrx_word' id='word_1_357' title='bbox 275 4629 310 4707; x_wconf 82' lang='lat'><strong>¹¹)</strong></span> <span class='ocrx_word' id='word_1_358' title='bbox 333 4637 375 4692; x_wconf 71' lang='lat' dir='ltr'><strong>Aa</strong></span> <span class='ocrx_word' id='word_1_359' title='bbox 397 4637 425 4693; x_wconf 90' lang='lat' dir='ltr'><strong>c.</strong></span> <span class='ocrx_word' id='word_1_360' title='bbox 450 4639 497 4694; x_wconf 84' lang='lat'><strong>50.</strong></span> 
     </span>
    </p>
   </div>
   <div class='ocr_carea' id='block_1_7' title="bbox 0 0 1658 5182">
    <p class='ocr_par' dir='ltr' id='par_1_17' title="bbox 0 0 1658 5182">
     <span class='ocr_line' id='line_1_42' title="bbox 0 0 1658 5182; baseline 0 3"><span class='ocrx_word' id='word_1_361' title='bbox 0 0 1658 5182; x_wconf 95' lang='lat' dir='ltr'><strong> </strong></span> 
     </span>
    </p>
   </div>
  </div>
 </body>
</html>
