<?xml version="1.0" encoding="UTF-8"?>
<!DOCTYPE html PUBLIC "-//W3C//DTD XHTML 1.0 Transitional//EN"
    "http://www.w3.org/TR/xhtml1/DTD/xhtml1-transitional.dtd">
<html xmlns="http://www.w3.org/1999/xhtml" xml:lang="en" lang="en">
 <head>
  <title>
</title>
<meta http-equiv="Content-Type" content="text/html;charset=utf-8" />
  <meta name='ocr-system' content='tesseract 3.04.00' />
  <meta name='ocr-capabilities' content='ocr_page ocr_carea ocr_par ocr_line ocrx_word'/>
</head>
<body>
  <div class='ocr_page' id='page_1' title='image "./deelocutionecsu00bagggoog_0083.png"; bbox 0 0 3308 5182; ppageno 0'>
   <div class='ocr_carea' id='block_1_1' title="bbox 288 378 334 444">
    <p class='ocr_par' dir='ltr' id='par_1_1' title="bbox 288 378 334 444">
     <span class='ocr_line' id='line_1_1' title="bbox 288 378 334 444; baseline 0.043 -2"><span class='ocrx_word' id='word_1_1' title='bbox 288 378 334 444; x_wconf 74' lang='grc'><strong>-74</strong></span> 
     </span>
    </p>
   </div>
   <div class='ocr_carea' id='block_1_2' title="bbox 145 555 1507 925">
    <p class='ocr_par' dir='ltr' id='par_1_2' title="bbox 145 555 1507 925">
     <span class='ocr_line' id='line_1_2' title="bbox 311 555 1506 639; baseline 0.002 -20"><span class='ocrx_word' id='word_1_2' title='bbox 311 590 314 595; x_wconf 94' lang='lat'>·</span> <span class='ocrx_word' id='word_1_3' title='bbox 338 555 499 620; x_wconf 79' lang='lat' dir='ltr'><strong>Teauede</strong></span> <span class='ocrx_word' id='word_1_4' title='bbox 519 566 662 639; x_wconf 85' lang='lat' dir='ltr'><strong>tompore</strong></span> <span class='ocrx_word' id='word_1_5' title='bbox 679 564 869 639; x_wconf 76' lang='lat' dir='ltr'><strong>&#39;usurpatum</strong></span> <span class='ocrx_word' id='word_1_6' title='bbox 893 567 942 621; x_wconf 90' lang='lat' dir='ltr'><strong>est</strong></span> <span class='ocrx_word' id='word_1_7' title='bbox 963 561 1004 622; x_wconf 90' lang='lat' dir='ltr'><strong>A.</strong></span> <span class='ocrx_word' id='word_1_8' title='bbox 1027 557 1280 622; x_wconf 69' lang='lat' dir='ltr'><strong>ili-(iantabrico</strong></span> <span class='ocrx_word' id='word_1_9' title='bbox 1304 558 1506 621; x_wconf 81' lang='lat' dir='ltr'><strong>tenus-bello</strong></span> 
     </span>
     <span class='ocr_line' id='line_1_3' title="bbox 249 657 1505 743; baseline 0.001 -23"><span class='ocrx_word' id='word_1_10' title='bbox 249 660 311 720; x_wconf 76' lang='lat' dir='ltr'><strong>-a&#39;ee</strong></span> <span class='ocrx_word' id='word_1_11' title='bbox 343 657 427 721; x_wconf 89' lang='lat' dir='ltr'><strong>ultre</strong></span> <span class='ocrx_word' id='word_1_12' title='bbox 440 658 480 741; x_wconf 85' lang='lat'><strong>¹).</strong></span> <span class='ocrx_word' id='word_1_13' title='bbox 524 659 631 721; x_wconf 87' lang='lat' dir='ltr'><strong>Tenus</strong></span> <span class='ocrx_word' id='word_1_14' title='bbox 665 678 719 740; x_wconf 84' lang='lat' dir='ltr'><strong>per</strong></span> <span class='ocrx_word' id='word_1_15' title='bbox 751 659 994 723; x_wconf 75' lang='lat' dir='ltr'><strong>translationem</strong></span> <span class='ocrx_word' id='word_1_16' title='bbox 1022 670 1190 743; x_wconf 88' lang='lat' dir='ltr'><strong>usurpatur</strong></span> <span class='ocrx_word' id='word_1_17' title='bbox 1215 659 1450 733; x_wconf 52' lang='grc'><strong>(1125411515.-</strong></span> <span class='ocrx_word' id='word_1_18' title='bbox 1476 661 1505 721; x_wconf 95' lang='lat' dir='ltr'><strong>l.</strong></span> 
     </span>
     <span class='ocr_line' id='line_1_4' title="bbox 254 754 1507 861; baseline 0 -38"><span class='ocrx_word' id='word_1_19' title='bbox 254 761 302 827; x_wconf 83' lang='grc'><strong>13.</strong></span> <span class='ocrx_word' id='word_1_20' title='bbox 321 758 373 861; x_wconf 69' lang='lat'><strong>30.</strong></span> <span class='ocrx_word' id='word_1_21' title='bbox 405 754 446 822; x_wconf 87' lang='grc'><strong>76</strong></span> <span class='ocrx_word' id='word_1_22' title='bbox 478 759 574 831; x_wconf 85' lang='lat' dir='ltr'><strong>titulo</strong></span> <span class='ocrx_word' id='word_1_23' title='bbox 603 761 737 846; x_wconf 77' lang='lat' dir='ltr'><strong>tenus2)</strong></span> <span class='ocrx_word' id='word_1_24' title='bbox 770 758 807 847; x_wconf 93' lang='lat' dir='ltr'><strong>(i.</strong></span> <span class='ocrx_word' id='word_1_25' title='bbox 841 781 868 823; x_wconf 89' lang='lat' dir='ltr'><strong>e.</strong></span> <span class='ocrx_word' id='word_1_26' title='bbox 901 758 1054 847; x_wconf 85' lang='lat' dir='ltr'><strong>nornine).</strong></span> <span class='ocrx_word' id='word_1_27' title='bbox 1079 796 1119 809; x_wconf 90' lang='lat'>-</span> <span class='ocrx_word' id='word_1_28' title='bbox 1141 762 1251 825; x_wconf 83' lang='lat' dir='ltr'><strong>(licere</strong></span> <span class='ocrx_word' id='word_1_29' title='bbox 1274 762 1385 824; x_wconf 85' lang='lat' dir='ltr'><strong>babet:</strong></span> <span class='ocrx_word' id='word_1_30' title='bbox 1407 761 1507 823; x_wconf 89' lang='lat' dir='ltr'><strong>verbo</strong></span> 
     </span>
     <span class='ocr_line' id='line_1_5' title="bbox 145 862 1029 925; baseline 0.002 -2"><span class='ocrx_word' id='word_1_31' title='bbox 145 877 148 880; x_wconf 73' lang='grc'>’</span> <span class='ocrx_word' id='word_1_32' title='bbox 240 862 376 925; x_wconf 73' lang='lat' dir='ltr'><strong>tonna·</strong></span> <span class='ocrx_word' id='word_1_33' title='bbox 761 882 764 889; x_wconf 85' lang='grc'><strong>’</strong></span> <span class='ocrx_word' id='word_1_34' title='bbox 798 881 801 887; x_wconf 81' lang='grc'><strong><em>’</em></strong></span> <span class='ocrx_word' id='word_1_35' title='bbox 1026 879 1029 890; x_wconf 93' lang='grc'><strong><em>·</em></strong></span> 
     </span>
    </p>
   </div>
   <div class='ocr_carea' id='block_1_3' title="bbox 777 1040 974 1052">
    <p class='ocr_par' dir='ltr' id='par_1_3' title="bbox 777 1040 974 1052">
     <span class='ocr_line' id='line_1_6' title="bbox 777 1040 974 1052; baseline -0.01 0"><span class='ocrx_word' id='word_1_36' title='bbox 777 1040 974 1052; x_wconf 62' lang='lat' dir='ltr'><strong>—n—-t-</strong></span> 
     </span>
    </p>
   </div>
   <div class='ocr_carea' id='block_1_4' title="bbox 622 1298 1176 1427">
    <p class='ocr_par' dir='ltr' id='par_1_4' title="bbox 622 1298 1176 1427">
     <span class='ocr_line' id='line_1_7' title="bbox 622 1298 1176 1427; baseline 0.005 -20"><span class='ocrx_word' id='word_1_37' title='bbox 622 1298 700 1407; x_wconf 81' lang='lat' dir='ltr'><strong>lle</strong></span> <span class='ocrx_word' id='word_1_38' title='bbox 723 1327 865 1407; x_wconf 86' lang='lat' dir='ltr'><strong>ratione</strong></span> <span class='ocrx_word' id='word_1_39' title='bbox 886 1324 1109 1427; x_wconf 66' lang='lat' dir='ltr'><strong>centaurea</strong></span> <span class='ocrx_word' id='word_1_40' title='bbox 1173 1384 1176 1389; x_wconf 78' lang='lat'><strong>·</strong></span> 
     </span>
    </p>
   </div>
   <div class='ocr_carea' id='block_1_5' title="bbox 129 1492 1505 1815">
    <p class='ocr_par' dir='ltr' id='par_1_5' title="bbox 129 1492 1505 1815">
     <span class='ocr_line' id='line_1_8' title="bbox 247 1492 1504 1613; baseline 0.002 -31"><span class='ocrx_word' id='word_1_41' title='bbox 247 1497 251 1504; x_wconf 39' lang='lat'>¹</span> <span class='ocrx_word' id='word_1_42' title='bbox 333 1520 426 1602; x_wconf 74' lang='lat' dir='ltr'><strong>Quod</strong></span> <span class='ocrx_word' id='word_1_43' title='bbox 448 1521 486 1605; x_wconf 86' lang='lat' dir='ltr'><strong>ad</strong></span> <span class='ocrx_word' id='word_1_44' title='bbox 510 1520 656 1585; x_wconf 88' lang='lat' dir='ltr'><strong>rationem</strong></span> <span class='ocrx_word' id='word_1_45' title='bbox 678 1492 880 1613; x_wconf 73' lang='lat' dir='ltr'><strong>syntadtieam</strong></span> <span class='ocrx_word' id='word_1_46' title='bbox 905 1521 1040 1613; x_wconf 83' lang='lat' dir='ltr'><strong>Suetonii</strong></span> <span class='ocrx_word' id='word_1_47' title='bbox 1055 1524 1186 1613; x_wconf 72' lang='lat' dir='ltr'><strong>attinet,</strong></span> <span class='ocrx_word' id='word_1_48' title='bbox 1208 1524 1250 1607; x_wconf 84' lang='lat' dir='ltr'><strong>itu</strong></span> <span class='ocrx_word' id='word_1_49' title='bbox 1271 1523 1416 1607; x_wconf 81' lang='lat' dir='ltr'><strong>agendum</strong></span> <span class='ocrx_word' id='word_1_50' title='bbox 1439 1543 1504 1584; x_wconf 89' lang='lat' dir='ltr'><strong>esse</strong></span> 
     </span>
     <span class='ocr_line' id='line_1_9' title="bbox 183 1621 1505 1715; baseline 0 -30"><span class='ocrx_word' id='word_1_51' title='bbox 183 1645 191 1671; x_wconf 70' lang='lat'><strong>³-</strong></span> <span class='ocrx_word' id='word_1_52' title='bbox 255 1622 372 1703; x_wconf 87' lang='lat' dir='ltr'><strong>putavi,</strong></span> <span class='ocrx_word' id='word_1_53' title='bbox 394 1632 428 1685; x_wconf 90' lang='lat' dir='ltr'><strong>ut</strong></span> <span class='ocrx_word' id='word_1_54' title='bbox 449 1643 489 1715; x_wconf 17' lang='lat' dir='ltr'><strong>ea*</strong></span> <span class='ocrx_word' id='word_1_55' title='bbox 506 1621 601 1683; x_wconf 87' lang='lat' dir='ltr'><strong>solum</strong></span> <span class='ocrx_word' id='word_1_56' title='bbox 625 1621 770 1694; x_wconf 76' lang='lat' dir='ltr'><strong>afferrent,</strong></span> <span class='ocrx_word' id='word_1_57' title='bbox 793 1641 857 1702; x_wconf 85' lang='lat' dir='ltr'><strong>quae</strong></span> <span class='ocrx_word' id='word_1_58' title='bbox 879 1630 932 1684; x_wconf 89' lang='lat' dir='ltr'><strong>ant</strong></span> <span class='ocrx_word' id='word_1_59' title='bbox 954 1644 972 1687; x_wconf 89' lang='lat' dir='ltr'><strong>a</strong></span> <span class='ocrx_word' id='word_1_60' title='bbox 995 1634 1125 1695; x_wconf 86' lang='lat' dir='ltr'><strong>veterum</strong></span> <span class='ocrx_word' id='word_1_61' title='bbox 1149 1644 1253 1707; x_wconf 80' lang='lat' dir='ltr'>genere</span> <span class='ocrx_word' id='word_1_62' title='bbox 1273 1624 1390 1707; x_wconf 84' lang='lat' dir='ltr'><strong>dicendi</strong></span> <span class='ocrx_word' id='word_1_63' title='bbox 1406 1624 1505 1685; x_wconf 88' lang='lat' dir='ltr'><strong>aliena</strong></span> 
     </span>
     <span class='ocr_line' id='line_1_10' title="bbox 129 1717 1000 1815; baseline -0.005 -29"><span class='ocrx_word' id='word_1_64' title='bbox 129 1745 132 1752; x_wconf 80' lang='grc'><strong><em>’</em></strong></span> <span class='ocrx_word' id='word_1_65' title='bbox 194 1765 197 1772; x_wconf 65' lang='lat'><em>,</em></span> <span class='ocrx_word' id='word_1_66' title='bbox 246 1717 363 1799; x_wconf 59' lang='lat' dir='ltr'><strong>&#39;esseut</strong></span> <span class='ocrx_word' id='word_1_67' title='bbox 383 1733 438 1798; x_wconf 87' lang='lat' dir='ltr'><strong>aut</strong></span> <span class='ocrx_word' id='word_1_68' title='bbox 459 1731 538 1815; x_wconf 80' lang='lat' dir='ltr'><strong>certe</strong></span> <span class='ocrx_word' id='word_1_69' title='bbox 561 1720 618 1784; x_wconf 87' lang='lat' dir='ltr'><strong>illis</strong></span> <span class='ocrx_word' id='word_1_70' title='bbox 640 1722 739 1785; x_wconf 89' lang='lat' dir='ltr'><strong>miuus</strong></span> <span class='ocrx_word' id='word_1_71' title='bbox 760 1722 884 1815; x_wconf 86' lang='lat' dir='ltr'><strong>usitata.</strong></span> <span class='ocrx_word' id='word_1_72' title='bbox 946 1803 949 1811; x_wconf 70' lang='lat'><strong>,</strong></span> <span class='ocrx_word' id='word_1_73' title='bbox 997 1806 1000 1814; x_wconf 29' lang='grc' dir='ltr'>Ι</span> 
     </span>
    </p>
   </div>
   <div class='ocr_carea' id='block_1_6' title="bbox 779 1900 974 1913">
    <p class='ocr_par' dir='ltr' id='par_1_6' title="bbox 779 1900 974 1913">
     <span class='ocr_line' id='line_1_11' title="bbox 779 1900 974 1913; baseline -0.01 0"><span class='ocrx_word' id='word_1_74' title='bbox 779 1900 974 1913; x_wconf 59' lang='lat' dir='ltr'><strong>m</strong></span> 
     </span>
    </p>
   </div>
   <div class='ocr_carea' id='block_1_7' title="bbox 619 2106 1375 2310">
    <p class='ocr_par' dir='ltr' id='par_1_7' title="bbox 619 2106 1375 2310">
     <span class='ocr_line' id='line_1_12' title="bbox 619 2106 1375 2310; baseline -0.004 -54"><span class='ocrx_word' id='word_1_75' title='bbox 619 2173 669 2256; x_wconf 83' lang='lat' dir='ltr'><strong>lle</strong></span> <span class='ocrx_word' id='word_1_76' title='bbox 691 2173 840 2276; x_wconf 69' lang='lat' dir='ltr'><strong>syntaxi</strong></span> <span class='ocrx_word' id='word_1_77' title='bbox 863 2106 1124 2274; x_wconf 78' lang='lat' dir='ltr'><strong>tonoruentta.</strong></span> <span class='ocrx_word' id='word_1_78' title='bbox 1246 2196 1249 2200; x_wconf 92' lang='lat'>·</span> <span class='ocrx_word' id='word_1_79' title='bbox 1320 2198 1322 2202; x_wconf 93' lang='lat'>·</span> <span class='ocrx_word' id='word_1_80' title='bbox 1347 2127 1375 2310; x_wconf 80' lang='grc' dir='ltr'> </span> 
     </span>
    </p>
   </div>
   <div class='ocr_carea' id='block_1_8' title="bbox 338 2365 1503 2450">
    <p class='ocr_par' dir='ltr' id='par_1_8' title="bbox 338 2365 1503 2450">
     <span class='ocr_line' id='line_1_13' title="bbox 338 2365 1503 2450; baseline -0.003 -18"><span class='ocrx_word' id='word_1_81' title='bbox 338 2369 528 2432; x_wconf 82' lang='lat' dir='ltr'><strong>Constructio</strong></span> <span class='ocrx_word' id='word_1_82' title='bbox 551 2369 603 2431; x_wconf 88' lang='lat' dir='ltr'><strong>illa</strong></span> <span class='ocrx_word' id='word_1_83' title='bbox 626 2388 690 2450; x_wconf 84' lang='lat' dir='ltr'><strong>quae</strong></span> <span class='ocrx_word' id='word_1_84' title='bbox 712 2370 822 2433; x_wconf 89' lang='lat' dir='ltr'><strong>dicitur</strong></span> <span class='ocrx_word' id='word_1_85' title='bbox 843 2365 925 2432; x_wconf 79' lang='grc' dir='ltr'><strong>κατὰ</strong></span> <span class='ocrx_word' id='word_1_86' title='bbox 938 2367 1083 2442; x_wconf 66' lang='grc' dir='ltr'><strong>σύνεσιν,</strong></span> <span class='ocrx_word' id='word_1_87' title='bbox 1105 2387 1163 2449; x_wconf 91' lang='lat' dir='ltr'><strong>qua</strong></span> <span class='ocrx_word' id='word_1_88' title='bbox 1185 2369 1235 2439; x_wconf 82' lang='lat' dir='ltr'><strong>fit,</strong></span> <span class='ocrx_word' id='word_1_89' title='bbox 1252 2377 1287 2428; x_wconf 89' lang='lat' dir='ltr'><strong>ut·</strong></span> <span class='ocrx_word' id='word_1_90' title='bbox 1307 2365 1418 2428; x_wconf 87' lang='lat' dir='ltr'><strong>nomini</strong></span> <span class='ocrx_word' id='word_1_91' title='bbox 1440 2368 1503 2429; x_wconf 88' lang='lat' dir='ltr'><strong>ool-</strong></span> 
     </span>
    </p>
   </div>
   <div class='ocr_carea' id='block_1_9' title="bbox 128 2466 1503 2553">
    <p class='ocr_par' dir='ltr' id='par_1_9' title="bbox 128 2466 1503 2553">
     <span class='ocr_line' id='line_1_14' title="bbox 128 2466 1503 2553; baseline -0.002 -21"><span class='ocrx_word' id='word_1_92' title='bbox 128 2468 130 2472; x_wconf 78' lang='grc'><strong>’</strong></span> <span class='ocrx_word' id='word_1_93' title='bbox 252 2471 361 2534; x_wconf 86' lang='lat' dir='ltr'><strong>lectivo</strong></span> <span class='ocrx_word' id='word_1_94' title='bbox 393 2469 515 2550; x_wconf 88' lang='lat' dir='ltr'><strong>pluralis</strong></span> <span class='ocrx_word' id='word_1_95' title='bbox 549 2488 688 2532; x_wconf 89' lang='lat' dir='ltr'><strong>numerus</strong></span> <span class='ocrx_word' id='word_1_96' title='bbox 721 2473 803 2534; x_wconf 86' lang='lat' dir='ltr'><strong>verbi</strong></span> <span class='ocrx_word' id='word_1_97' title='bbox 837 2475 884 2534; x_wconf 91' lang='lat' dir='ltr'><strong>vel</strong></span> <span class='ocrx_word' id='word_1_98' title='bbox 913 2471 1052 2553; x_wconf 78' lang='lat' dir='ltr'><strong>adjectivi</strong></span> <span class='ocrx_word' id='word_1_99' title='bbox 1075 2469 1120 2530; x_wconf 90' lang='lat' dir='ltr'><strong>vel</strong></span> <span class='ocrx_word' id='word_1_100' title='bbox 1143 2466 1293 2548; x_wconf 88' lang='lat' dir='ltr'><strong>participii</strong></span> <span class='ocrx_word' id='word_1_101' title='bbox 1316 2467 1503 2547; x_wconf 78' lang='lat' dir='ltr'><strong>subjiciatur,</strong></span> 
     </span>
    </p>
   </div>
   <div class='ocr_carea' id='block_1_10' title="bbox 173 2569 1505 3462">
    <p class='ocr_par' dir='ltr' id='par_1_10' title="bbox 173 2569 1505 3462">
     <span class='ocr_line' id='line_1_15' title="bbox 251 2569 1502 2654; baseline -0.002 -20"><span class='ocrx_word' id='word_1_102' title='bbox 251 2572 332 2653; x_wconf 91' lang='lat' dir='ltr'><strong>apud</strong></span> <span class='ocrx_word' id='word_1_103' title='bbox 365 2571 542 2634; x_wconf 81' lang='lat' dir='ltr'><strong>Suetonium</strong></span> <span class='ocrx_word' id='word_1_104' title='bbox 571 2582 602 2633; x_wconf 88' lang='lat' dir='ltr'><strong>et</strong></span> <span class='ocrx_word' id='word_1_105' title='bbox 629 2572 816 2636; x_wconf 71' lang='lat' dir='ltr'><strong>Posteriores</strong></span> <span class='ocrx_word' id='word_1_106' title='bbox 839 2574 919 2636; x_wconf 92' lang='lat' dir='ltr'><strong>hand</strong></span> <span class='ocrx_word' id='word_1_107' title='bbox 941 2575 1110 2654; x_wconf 79' lang='lat' dir='ltr'><strong>infrequens</strong></span> <span class='ocrx_word' id='word_1_108' title='bbox 1132 2578 1187 2632; x_wconf 89' lang='lat' dir='ltr'><strong>ast.</strong></span> <span class='ocrx_word' id='word_1_109' title='bbox 1213 2608 1216 2613; x_wconf 91' lang='lat'><em>-</em></span> <span class='ocrx_word' id='word_1_110' title='bbox 1242 2569 1312 2630; x_wconf 88' lang='lat' dir='ltr'><strong>N.l</strong></span> <span class='ocrx_word' id='word_1_111' title='bbox 1338 2588 1374 2630; x_wconf 91' lang='lat' dir='ltr'><strong>eo</strong></span> <span class='ocrx_word' id='word_1_112' title='bbox 1396 2588 1502 2649; x_wconf 83' lang='lat' dir='ltr'><strong>magna</strong></span> 
     </span>
     <span class='ocr_line' id='line_1_16' title="bbox 173 2670 1504 2756; baseline -0.002 -22"><span class='ocrx_word' id='word_1_113' title='bbox 173 2685 176 2691; x_wconf 84' lang='lat'>&#39;</span> <span class='ocrx_word' id='word_1_114' title='bbox 252 2692 323 2754; x_wconf 88' lang='lat' dir='ltr'><strong>pars</strong></span> <span class='ocrx_word' id='word_1_115' title='bbox 346 2671 435 2733; x_wconf 88' lang='lat' dir='ltr'><strong>rutila</strong></span> <span class='ocrx_word' id='word_1_116' title='bbox 458 2671 552 2733; x_wconf 87' lang='lat' dir='ltr'><strong>barba</strong></span> <span class='ocrx_word' id='word_1_117' title='bbox 575 2673 704 2749; x_wconf 84' lang='lat' dir='ltr'><strong>luerunt,</strong></span> <span class='ocrx_word' id='word_1_118' title='bbox 731 2674 770 2735; x_wconf 91' lang='lat' dir='ltr'><strong>V.</strong></span> <span class='ocrx_word' id='word_1_119' title='bbox 797 2673 834 2736; x_wconf 84' lang='grc'><strong>15</strong></span> <span class='ocrx_word' id='word_1_120' title='bbox 855 2694 892 2737; x_wconf 89' lang='lat' dir='ltr'><strong>ao</strong></span> <span class='ocrx_word' id='word_1_121' title='bbox 913 2693 983 2756; x_wconf 84' lang='lat' dir='ltr'><strong>pars</strong></span> <span class='ocrx_word' id='word_1_122' title='bbox 1005 2674 1034 2735; x_wconf 90' lang='lat' dir='ltr'><strong>in</strong></span> <span class='ocrx_word' id='word_1_123' title='bbox 1057 2670 1203 2744; x_wconf 87' lang='lat' dir='ltr'><strong>absentis,</strong></span> <span class='ocrx_word' id='word_1_124' title='bbox 1226 2687 1296 2750; x_wconf 85' lang='lat' dir='ltr'><strong>pars</strong></span> <span class='ocrx_word' id='word_1_125' title='bbox 1317 2670 1346 2731; x_wconf 91' lang='lat' dir='ltr'><strong>in</strong></span> <span class='ocrx_word' id='word_1_126' title='bbox 1370 2688 1504 2750; x_wconf 73' lang='lat' dir='ltr'><strong>pressen-</strong></span> 
     </span>
     <span class='ocr_line' id='line_1_17' title="bbox 226 2769 1504 2854; baseline -0.002 -19"><span class='ocrx_word' id='word_1_127' title='bbox 226 2773 292 2836; x_wconf 82' lang='lat' dir='ltr'><strong>tis</strong></span> <span class='ocrx_word' id='word_1_128' title='bbox 324 2770 508 2852; x_wconf 81' lang='lat' dir='ltr'><strong>Vespasiani</strong></span> <span class='ocrx_word' id='word_1_129' title='bbox 541 2771 633 2834; x_wconf 88' lang='lat' dir='ltr'><strong>verba</strong></span> <span class='ocrx_word' id='word_1_130' title='bbox 659 2773 810 2854; x_wconf 88' lang='lat' dir='ltr'><strong>jurarunt,</strong></span> <span class='ocrx_word' id='word_1_131' title='bbox 843 2776 878 2837; x_wconf 92' lang='lat' dir='ltr'><strong>T.</strong></span> <span class='ocrx_word' id='word_1_132' title='bbox 901 2769 941 2836; x_wconf 86' lang='grc'><strong>75</strong></span> <span class='ocrx_word' id='word_1_133' title='bbox 964 2785 1058 2837; x_wconf 88' lang='lat' dir='ltr'><strong>morte</strong></span> <span class='ocrx_word' id='word_1_134' title='bbox 1085 2773 1148 2853; x_wconf 89' lang='lat' dir='ltr'><strong>ejas</strong></span> <span class='ocrx_word' id='word_1_135' title='bbox 1170 2772 1216 2833; x_wconf 88' lang='lat' dir='ltr'><strong>ita</strong></span> <span class='ocrx_word' id='word_1_136' title='bbox 1238 2771 1356 2833; x_wconf 74' lang='lat' dir='ltr'><strong>laetatus</strong></span> <span class='ocrx_word' id='word_1_137' title='bbox 1378 2782 1425 2833; x_wconf 88' lang='lat' dir='ltr'><strong>est</strong></span> <span class='ocrx_word' id='word_1_138' title='bbox 1447 2790 1504 2852; x_wconf 93' lang='lat' dir='ltr'><strong>po-</strong></span> 
     </span>
     <span class='ocr_line' id='line_1_18' title="bbox 229 2869 1503 2957; baseline 0 -21"><span class='ocrx_word' id='word_1_139' title='bbox 229 2873 350 2955; x_wconf 85' lang='lat' dir='ltr'><strong>pulus,</strong></span> <span class='ocrx_word' id='word_1_140' title='bbox 372 2881 405 2934; x_wconf 90' lang='lat' dir='ltr'><strong>ut</strong></span> <span class='ocrx_word' id='word_1_141' title='bbox 428 2871 627 2936; x_wconf 82' lang='lat' dir='ltr'><strong>discurrentes</strong></span> <span class='ocrx_word' id='word_1_142' title='bbox 648 2893 718 2955; x_wconf 85' lang='lat' dir='ltr'><strong>pars</strong></span> <span class='ocrx_word' id='word_1_143' title='bbox 740 2876 943 2951; x_wconf 77' lang='lat' dir='ltr'><strong>clamitarent,</strong></span> <span class='ocrx_word' id='word_1_144' title='bbox 965 2895 1034 2957; x_wconf 86' lang='lat' dir='ltr'><strong>pars</strong></span> <span class='ocrx_word' id='word_1_145' title='bbox 1057 2883 1176 2935; x_wconf 88' lang='lat' dir='ltr'><strong>orarent</strong></span> <span class='ocrx_word' id='word_1_146' title='bbox 1199 2871 1245 2934; x_wconf 81' lang='lat' dir='ltr'><strong>Ol.</strong></span> <span class='ocrx_word' id='word_1_147' title='bbox 1268 2869 1297 2933; x_wconf 89' lang='lat'><strong>6.</strong></span> <span class='ocrx_word' id='word_1_148' title='bbox 1319 2871 1370 2933; x_wconf 82' lang='lat'><strong>25.</strong></span> <span class='ocrx_word' id='word_1_149' title='bbox 1391 2871 1451 2934; x_wconf 89' lang='lat' dir='ltr'><strong>Rh.</strong></span> <span class='ocrx_word' id='word_1_150' title='bbox 1476 2872 1503 2947; x_wconf 92' lang='lat' dir='ltr'><strong>l,</strong></span> 
     </span>
     <span class='ocr_line' id='line_1_19' title="bbox 248 2971 1505 3058; baseline -0.003 -19"><span class='ocrx_word' id='word_1_151' title='bbox 248 2975 294 3040; x_wconf 83' lang='lat'><strong>01.</strong></span> <span class='ocrx_word' id='word_1_152' title='bbox 317 2973 496 3054; x_wconf 77' lang='lat' dir='ltr'><strong>dequester</strong></span> <span class='ocrx_word' id='word_1_153' title='bbox 519 2975 590 3035; x_wconf 89' lang='lat' dir='ltr'><strong>ordo</strong></span> <span class='ocrx_word' id='word_1_154' title='bbox 606 3021 612 3035; x_wconf 95' lang='lat'><strong>.</strong></span> <span class='ocrx_word' id='word_1_155' title='bbox 629 3019 660 3036; x_wconf 89' lang='lat'><strong>..</strong></span> <span class='ocrx_word' id='word_1_156' title='bbox 683 2985 878 3057; x_wconf 86' lang='lat' dir='ltr'><strong>exposcerent</strong></span> <span class='ocrx_word' id='word_1_157' title='bbox 900 3012 940 3024; x_wconf 86' lang='lat'><em>-</em></span> <span class='ocrx_word' id='word_1_158' title='bbox 961 2971 1233 3058; x_wconf 64' lang='lat' dir='ltr'><strong>gratularenturi),</strong></span> <span class='ocrx_word' id='word_1_159' title='bbox 1256 2972 1320 3034; x_wconf 89' lang='lat' dir='ltr'><strong>Vit.</strong></span> <span class='ocrx_word' id='word_1_160' title='bbox 1344 2971 1384 3048; x_wconf 87' lang='grc'><strong>16</strong></span> <span class='ocrx_word' id='word_1_161' title='bbox 1404 2973 1505 3035; x_wconf 88' lang='lat' dir='ltr'><strong>euasit</strong></span> 
     </span>
     <span class='ocr_line' id='line_1_20' title="bbox 249 3073 1503 3160; baseline -0.002 -23"><span class='ocrx_word' id='word_1_162' title='bbox 249 3075 379 3151; x_wconf 87' lang='lat' dir='ltr'><strong>senatui,</strong></span> <span class='ocrx_word' id='word_1_163' title='bbox 397 3080 434 3136; x_wconf 70' lang='lat' dir='ltr'><strong>&#39;ut</strong></span> <span class='ocrx_word' id='word_1_164' title='bbox 456 3075 620 3149; x_wconf 83' lang='lat' dir='ltr'><strong>mitterent,</strong></span> <span class='ocrx_word' id='word_1_165' title='bbox 642 3075 681 3138; x_wconf 90' lang='lat' dir='ltr'><strong>G.</strong></span> <span class='ocrx_word' id='word_1_166' title='bbox 707 3079 744 3140; x_wconf 88' lang='lat'><strong>10</strong></span> <span class='ocrx_word' id='word_1_167' title='bbox 766 3088 899 3152; x_wconf 85' lang='lat' dir='ltr'><strong>sanatus,</strong></span> <span class='ocrx_word' id='word_1_168' title='bbox 913 3079 953 3145; x_wconf 90' lang='lat' dir='ltr'><strong>ad</strong></span> <span class='ocrx_word' id='word_1_169' title='bbox 975 3097 1059 3160; x_wconf 86' lang='lat' dir='ltr'><strong>ques,</strong></span> <span class='ocrx_word' id='word_1_170' title='bbox 1081 3074 1146 3138; x_wconf 81' lang='lat' dir='ltr'><strong>Cal.</strong></span> <span class='ocrx_word' id='word_1_171' title='bbox 1169 3077 1210 3136; x_wconf 83' lang='lat'><strong>22</strong></span> <span class='ocrx_word' id='word_1_172' title='bbox 1232 3073 1399 3135; x_wconf 88' lang='lat' dir='ltr'><strong>ditissimus</strong></span> <span class='ocrx_word' id='word_1_173' title='bbox 1420 3073 1503 3155; x_wconf 90' lang='lat' dir='ltr'><strong>quis·</strong></span> 
     </span>
     <span class='ocr_line' id='line_1_21' title="bbox 250 3168 1503 3265; baseline -0.002 -27"><span class='ocrx_word' id='word_1_174' title='bbox 250 3176 350 3261; x_wconf 59' lang='lat' dir='ltr'><strong>quel)</strong></span> <span class='ocrx_word' id='word_1_175' title='bbox 373 3177 599 3265; x_wconf 76' lang='lat' dir='ltr'><strong>cpmparabant,</strong></span> <span class='ocrx_word' id='word_1_176' title='bbox 632 3176 672 3239; x_wconf 88' lang='lat' dir='ltr'><strong>A.</strong></span> <span class='ocrx_word' id='word_1_177' title='bbox 695 3178 736 3240; x_wconf 86' lang='lat'><strong>46</strong></span> <span class='ocrx_word' id='word_1_178' title='bbox 758 3180 931 3242; x_wconf 84' lang='lat' dir='ltr'><strong>decuriones</strong></span> <span class='ocrx_word' id='word_1_179' title='bbox 953 3180 982 3240; x_wconf 92' lang='lat' dir='ltr'><strong>in</strong></span> <span class='ocrx_word' id='word_1_180' title='bbox 1005 3198 1061 3241; x_wconf 88' lang='lat' dir='ltr'><strong>sna</strong></span> <span class='ocrx_word' id='word_1_181' title='bbox 1083 3168 1350 3257; x_wconf 60' lang='lat' dir='ltr'><strong>ouisqneslerreot,</strong></span> <span class='ocrx_word' id='word_1_182' title='bbox 1384 3175 1423 3236; x_wconf 86' lang='lat' dir='ltr'><strong>A.</strong></span> <span class='ocrx_word' id='word_1_183' title='bbox 1446 3172 1503 3250; x_wconf 83' lang='lat'><strong>663</strong></span> 
     </span>
     <span class='ocr_line' id='line_1_22' title="bbox 250 3275 1500 3363; baseline -0.002 -22"><span class='ocrx_word' id='word_1_184' title='bbox 250 3281 284 3341; x_wconf 88' lang='lat' dir='ltr'><strong>T.</strong></span> <span class='ocrx_word' id='word_1_185' title='bbox 308 3277 348 3340; x_wconf 86' lang='grc'><strong>35</strong></span> <span class='ocrx_word' id='word_1_186' title='bbox 383 3276 643 3357; x_wconf 85' lang='lat' dir='ltr'><strong>profligatissimus</strong></span> <span class='ocrx_word' id='word_1_187' title='bbox 676 3280 800 3362; x_wconf 85' lang='lat' dir='ltr'><strong>quisque</strong></span> <span class='ocrx_word' id='word_1_188' title='bbox 832 3287 1008 3343; x_wconf 90' lang='lat' dir='ltr'><strong>tenerentur</strong></span> <span class='ocrx_word' id='word_1_189' title='bbox 1020 3277 1051 3363; x_wconf 71' lang='grc'><strong>5)</strong></span> <span class='ocrx_word' id='word_1_190' title='bbox 1074 3312 1111 3322; x_wconf 93' lang='lat'><strong>·-—</strong></span> <span class='ocrx_word' id='word_1_191' title='bbox 1135 3277 1289 3339; x_wconf 88' lang='lat' dir='ltr'><strong>subibant.</strong></span> <span class='ocrx_word' id='word_1_192' title='bbox 1332 3275 1406 3337; x_wconf 73' lang='lat' dir='ltr'><strong>Haeo</strong></span> <span class='ocrx_word' id='word_1_193' title='bbox 1428 3293 1500 3338; x_wconf 87' lang='lat' dir='ltr'><strong>con-</strong></span> 
     </span>
     <span class='ocr_line' id='line_1_23' title="bbox 249 3376 1502 3462; baseline -0.004 -20"><span class='ocrx_word' id='word_1_194' title='bbox 249 3379 374 3442; x_wconf 86' lang='lat' dir='ltr'><strong>structio</strong></span> <span class='ocrx_word' id='word_1_195' title='bbox 407 3397 427 3439; x_wconf 90' lang='lat' dir='ltr'><strong>a</strong></span> <span class='ocrx_word' id='word_1_196' title='bbox 458 3377 611 3440; x_wconf 81' lang='lat' dir='ltr'><strong>Ciceronis</strong></span> <span class='ocrx_word' id='word_1_197' title='bbox 640 3379 754 3442; x_wconf 89' lang='lat' dir='ltr'><strong>ratione</strong></span> <span class='ocrx_word' id='word_1_198' title='bbox 777 3381 893 3444; x_wconf 86' lang='lat' dir='ltr'><strong>dicendi</strong></span> <span class='ocrx_word' id='word_1_199' title='bbox 923 3382 1073 3462; x_wconf 83' lang='lat' dir='ltr'><strong>discrepat</strong></span> <span class='ocrx_word' id='word_1_200' title='bbox 1086 3379 1126 3461; x_wconf 77' lang='lat'><strong>⁰).</strong></span> <span class='ocrx_word' id='word_1_201' title='bbox 1169 3376 1274 3440; x_wconf 79' lang='lat' dir='ltr'><strong>Caesar</strong></span> <span class='ocrx_word' id='word_1_202' title='bbox 1297 3376 1325 3438; x_wconf 90' lang='lat' dir='ltr'><strong>b.</strong></span> <span class='ocrx_word' id='word_1_203' title='bbox 1347 3395 1375 3456; x_wconf 87' lang='lat' dir='ltr'><strong>g.</strong></span> <span class='ocrx_word' id='word_1_204' title='bbox 1398 3376 1427 3438; x_wconf 88' lang='grc'><strong>3.</strong></span> <span class='ocrx_word' id='word_1_205' title='bbox 1450 3377 1502 3439; x_wconf 82' lang='grc'><strong>30.</strong></span> 
     </span>
    </p>
   </div>
   <div class='ocr_carea' id='block_1_11' title="bbox 251 3526 445 3537">
    <p class='ocr_par' dir='ltr' id='par_1_11' title="bbox 251 3526 445 3537">
     <span class='ocr_line' id='line_1_24' title="bbox 251 3526 445 3537; baseline -0.015 -3"><span class='ocrx_word' id='word_1_206' title='bbox 251 3527 388 3537; x_wconf 46' lang='grc' dir='ltr'><strong>...μβ-...-</strong></span> <span class='ocrx_word' id='word_1_207' title='bbox 402 3526 445 3531; x_wconf 62' lang='grc'><strong>-.-</strong></span> 
     </span>
    </p>
   </div>
   <div class='ocr_carea' id='block_1_12' title="bbox 225 3583 1502 4274">
    <p class='ocr_par' dir='ltr' id='par_1_12' title="bbox 225 3583 1502 4274">
     <span class='ocr_line' id='line_1_25' title="bbox 225 3583 1035 3677; baseline 0.007 -27"><span class='ocrx_word' id='word_1_208' title='bbox 225 3583 227 3586; x_wconf 34' lang='lat'><em>⁴</em></span> <span class='ocrx_word' id='word_1_209' title='bbox 291 3595 319 3676; x_wconf 83' lang='lat'><strong>¹)</strong></span> <span class='ocrx_word' id='word_1_210' title='bbox 342 3597 454 3668; x_wconf 79' lang='lat' dir='ltr'><strong>Draeger</strong></span> <span class='ocrx_word' id='word_1_211' title='bbox 476 3594 547 3652; x_wconf 84' lang='lat' dir='ltr'><strong>Hiet.</strong></span> <span class='ocrx_word' id='word_1_212' title='bbox 569 3595 648 3668; x_wconf 80' lang='lat' dir='ltr'><strong>Synt.</strong></span> <span class='ocrx_word' id='word_1_213' title='bbox 670 3615 697 3667; x_wconf 90' lang='lat' dir='ltr'><strong>p.</strong></span> <span class='ocrx_word' id='word_1_214' title='bbox 720 3599 792 3667; x_wconf 81' lang='lat'><strong>602,</strong></span> <span class='ocrx_word' id='word_1_215' title='bbox 816 3602 857 3657; x_wconf 80' lang='lat' dir='ltr'><strong>cfr</strong></span> <span class='ocrx_word' id='word_1_216' title='bbox 879 3617 973 3677; x_wconf 85' lang='lat' dir='ltr'><strong>prope.</strong></span> <span class='ocrx_word' id='word_1_217' title='bbox 1032 3588 1035 3593; x_wconf 41' lang='lat'>¹</span> 
     </span>
     <span class='ocr_line' id='line_1_26' title="bbox 292 3679 670 3760; baseline 0.003 -22"><span class='ocrx_word' id='word_1_218' title='bbox 292 3679 321 3760; x_wconf 77' lang='lat'><strong>²)</strong></span> <span class='ocrx_word' id='word_1_219' title='bbox 343 3683 456 3756; x_wconf 80' lang='lat' dir='ltr'><strong>Draeger</strong></span> <span class='ocrx_word' id='word_1_220' title='bbox 477 3682 542 3738; x_wconf 86' lang='lat' dir='ltr'><strong>Tac.</strong></span> <span class='ocrx_word' id='word_1_221' title='bbox 566 3701 595 3754; x_wconf 88' lang='lat' dir='ltr'><strong>p.</strong></span> <span class='ocrx_word' id='word_1_222' title='bbox 621 3685 670 3740; x_wconf 83' lang='lat'><strong>35.</strong></span> 
     </span>
     <span class='ocr_line' id='line_1_27' title="bbox 294 3765 1001 3843; baseline -0.001 -16"><span class='ocrx_word' id='word_1_223' title='bbox 294 3765 319 3842; x_wconf 79' lang='lat'><strong>³)</strong></span> <span class='ocrx_word' id='word_1_224' title='bbox 341 3771 425 3827; x_wconf 84' lang='lat' dir='ltr'><strong>Roth.</strong></span> <span class='ocrx_word' id='word_1_225' title='bbox 449 3769 535 3825; x_wconf 88' lang='lat' dir='ltr'><strong>habet</strong></span> <span class='ocrx_word' id='word_1_226' title='bbox 557 3774 717 3841; x_wconf 84' lang='lat' dir='ltr'><strong>exposceret</strong></span> <span class='ocrx_word' id='word_1_227' title='bbox 744 3807 773 3816; x_wconf 94' lang='lat'><strong>--</strong></span> <span class='ocrx_word' id='word_1_228' title='bbox 801 3774 1001 3843; x_wconf 77' lang='lat' dir='ltr'><strong>gratularetur.</strong></span> 
     </span>
     <span class='ocr_line' id='line_1_28' title="bbox 293 3853 1498 3932; baseline -0.003 -18"><span class='ocrx_word' id='word_1_229' title='bbox 293 3853 321 3932; x_wconf 78' lang='lat'><strong>⁴)</strong></span> <span class='ocrx_word' id='word_1_230' title='bbox 343 3857 437 3914; x_wconf 83' lang='lat' dir='ltr'><strong>Madv.</strong></span> <span class='ocrx_word' id='word_1_231' title='bbox 471 3855 544 3926; x_wconf 80' lang='lat' dir='ltr'><strong>Sprl.</strong></span> <span class='ocrx_word' id='word_1_232' title='bbox 580 3858 704 3914; x_wconf 68' lang='grc'><strong>2171.</strong></span> <span class='ocrx_word' id='word_1_233' title='bbox 760 3857 890 3919; x_wconf 81' lang='lat' dir='ltr'><strong>Ktthnaet</strong></span> <span class='ocrx_word' id='word_1_234' title='bbox 925 3859 975 3923; x_wconf 85' lang='grc'><strong>58,</strong></span> <span class='ocrx_word' id='word_1_235' title='bbox 1000 3860 1050 3914; x_wconf 91' lang='lat'><strong>60.</strong></span> <span class='ocrx_word' id='word_1_236' title='bbox 1104 3854 1311 3927; x_wconf 69' lang='lat' dir='ltr'><strong>Draegor‘flist.</strong></span> <span class='ocrx_word' id='word_1_237' title='bbox 1334 3853 1362 3910; x_wconf 84' lang='lat' dir='ltr'><strong>S.</strong></span> <span class='ocrx_word' id='word_1_238' title='bbox 1385 3872 1413 3925; x_wconf 91' lang='lat' dir='ltr'><strong>p.</strong></span> <span class='ocrx_word' id='word_1_239' title='bbox 1441 3854 1498 3911; x_wconf 88' lang='grc'><strong>151</strong></span> 
     </span>
     <span class='ocr_line' id='line_1_29' title="bbox 246 3941 1502 4106; baseline -0.003 -19"><span class='ocrx_word' id='word_1_240' title='bbox 246 3948 263 4087; x_wconf 72' lang='lat'><strong>.(</strong></span> <span class='ocrx_word' id='word_1_241' title='bbox 293 3941 327 4102; x_wconf 74' lang='lat'><strong>‘))</strong></span> <span class='ocrx_word' id='word_1_242' title='bbox 341 4030 429 4087; x_wconf 79' lang='lat' dir='ltr'><strong>Roth:</strong></span> <span class='ocrx_word' id='word_1_243' title='bbox 462 4032 604 4106; x_wconf 84' lang='lat' dir='ltr'><strong>teneretur</strong></span> <span class='ocrx_word' id='word_1_244' title='bbox 643 4059 675 4069; x_wconf 85' lang='lat'><strong>—</strong></span> <span class='ocrx_word' id='word_1_245' title='bbox 712 4029 845 4087; x_wconf 86' lang='lat' dir='ltr'><strong>subibant</strong></span> <span class='ocrx_word' id='word_1_246' title='bbox 852 4053 860 4098; x_wconf 85' lang='lat'>;</span> <span class='ocrx_word' id='word_1_247' title='bbox 895 4035 995 4090; x_wconf 87' lang='lat' dir='ltr'><strong>contra</strong></span> <span class='ocrx_word' id='word_1_248' title='bbox 1028 4030 1174 4087; x_wconf 84' lang='lat' dir='ltr'><strong>Suetonius</strong></span> <span class='ocrx_word' id='word_1_249' title='bbox 1195 4027 1224 4084; x_wconf 81' lang='lat' dir='ltr'><strong>O.</strong></span> <span class='ocrx_word' id='word_1_250' title='bbox 1250 4028 1289 4082; x_wconf 84' lang='lat'><strong>89</strong></span> <span class='ocrx_word' id='word_1_251' title='bbox 1314 4045 1409 4084; x_wconf 87' lang='lat' dir='ltr'><strong>omnes</strong></span> <span class='ocrx_word' id='word_1_252' title='bbox 1430 4027 1502 4083; x_wconf 85' lang='lat' dir='ltr'><strong>nlius</strong></span> 
     </span>
     <span class='ocr_line' id='line_1_30' title="bbox 249 4115 821 4187; baseline -0.017 -9"><span class='ocrx_word' id='word_1_253' title='bbox 249 4121 306 4178; x_wconf 89' lang='lat' dir='ltr'><strong>alio</strong></span> <span class='ocrx_word' id='word_1_254' title='bbox 328 4135 394 4174; x_wconf 85' lang='lat' dir='ltr'><strong>oasa</strong></span> <span class='ocrx_word' id='word_1_255' title='bbox 414 4115 508 4187; x_wconf 87' lang='lat' dir='ltr'><strong>periit.</strong></span> <span class='ocrx_word' id='word_1_256' title='bbox 818 4162 821 4168; x_wconf 90' lang='lat'><strong>.</strong></span> 
     </span>
     <span class='ocr_line' id='line_1_31' title="bbox 263 4199 1502 4274; baseline -0.006 -14"><span class='ocrx_word' id='word_1_257' title='bbox 263 4219 265 4223; x_wconf 78' lang='grc'>’</span> <span class='ocrx_word' id='word_1_258' title='bbox 291 4201 317 4274; x_wconf 82' lang='lat'><strong>⁶)</strong></span> <span class='ocrx_word' id='word_1_259' title='bbox 340 4205 414 4260; x_wconf 87' lang='lat' dir='ltr'><strong>Nam</strong></span> <span class='ocrx_word' id='word_1_260' title='bbox 447 4202 540 4259; x_wconf 78' lang='lat' dir='ltr'><strong>Cicero</strong></span> <span class='ocrx_word' id='word_1_261' title='bbox 573 4203 712 4273; x_wconf 80' lang='lat' dir='ltr'><strong>pluralem</strong></span> <span class='ocrx_word' id='word_1_262' title='bbox 744 4220 799 4260; x_wconf 89' lang='lat' dir='ltr'><strong>non</strong></span> <span class='ocrx_word' id='word_1_263' title='bbox 830 4204 860 4259; x_wconf 90' lang='lat' dir='ltr'><strong>in</strong></span> <span class='ocrx_word' id='word_1_264' title='bbox 895 4199 991 4263; x_wconf 89' lang='lat' dir='ltr'><strong>eadem</strong></span> <span class='ocrx_word' id='word_1_265' title='bbox 1021 4201 1160 4260; x_wconf 87' lang='lat' dir='ltr'><strong>sententia</strong></span> <span class='ocrx_word' id='word_1_266' title='bbox 1191 4201 1239 4257; x_wconf 86' lang='lat' dir='ltr'><strong>sed</strong></span> <span class='ocrx_word' id='word_1_267' title='bbox 1264 4201 1295 4256; x_wconf 91' lang='lat' dir='ltr'><strong>in</strong></span> <span class='ocrx_word' id='word_1_268' title='bbox 1324 4199 1502 4268; x_wconf 81' lang='lat' dir='ltr'><strong>subsequenti</strong></span> 
     </span>
    </p>
   </div>
   <div class='ocr_carea' id='block_1_13' title="bbox 117 4284 1500 4369">
    <p class='ocr_par' dir='ltr' id='par_1_13' title="bbox 117 4284 1500 4369">
     <span class='ocr_line' id='line_1_32' title="bbox 117 4284 1500 4369; baseline -0.009 -18"><span class='ocrx_word' id='word_1_269' title='bbox 117 4335 128 4369; x_wconf 90' lang='lat'><strong>.·</strong></span> <span class='ocrx_word' id='word_1_270' title='bbox 249 4296 366 4364; x_wconf 88' lang='lat' dir='ltr'><strong>usurpat</strong></span> <span class='ocrx_word' id='word_1_271' title='bbox 388 4290 465 4347; x_wconf 88' lang='lat' dir='ltr'><strong>velut</strong></span> <span class='ocrx_word' id='word_1_272' title='bbox 488 4289 567 4344; x_wconf 86' lang='lat' dir='ltr'><strong>Tuae.</strong></span> <span class='ocrx_word' id='word_1_273' title='bbox 583 4291 610 4345; x_wconf 81' lang='lat'><strong>4.</strong></span> <span class='ocrx_word' id='word_1_274' title='bbox 627 4292 655 4345; x_wconf 83' lang='lat'><strong>3.</strong></span> <span class='ocrx_word' id='word_1_275' title='bbox 670 4293 698 4346; x_wconf 89' lang='lat'><strong>6.</strong></span> <span class='ocrx_word' id='word_1_276' title='bbox 722 4290 873 4355; x_wconf 89' lang='lat' dir='ltr'><strong>multitudo</strong></span> <span class='ocrx_word' id='word_1_277' title='bbox 895 4293 1015 4350; x_wconf 88' lang='lat' dir='ltr'><strong>contulit</strong></span> <span class='ocrx_word' id='word_1_278' title='bbox 1027 4309 1055 4346; x_wconf 86' lang='lat' dir='ltr'><strong>se</strong></span> <span class='ocrx_word' id='word_1_279' title='bbox 1072 4288 1177 4363; x_wconf 19' lang='lat' dir='ltr'><strong>-ueipe</strong></span> <span class='ocrx_word' id='word_1_280' title='bbox 1199 4286 1274 4358; x_wconf 90' lang='lat' dir='ltr'><strong>quod</strong></span> <span class='ocrx_word' id='word_1_281' title='bbox 1295 4284 1500 4343; x_wconf 81' lang='lat' dir='ltr'><strong>invitabantur.</strong></span> 
     </span>
    </p>
   </div>
   <div class='ocr_carea' id='block_1_14' title="bbox 248 4371 1501 4720">
    <p class='ocr_par' dir='ltr' id='par_1_14' title="bbox 248 4371 1501 4720">
     <span class='ocr_line' id='line_1_33' title="bbox 249 4371 1501 4445; baseline -0.008 -9"><span class='ocrx_word' id='word_1_282' title='bbox 249 4373 309 4436; x_wconf 65' lang='lat' dir='ltr'><strong>din.</strong></span> <span class='ocrx_word' id='word_1_283' title='bbox 336 4382 362 4435; x_wconf 93' lang='lat'><strong>1.</strong></span> <span class='ocrx_word' id='word_1_284' title='bbox 387 4380 415 4433; x_wconf 86' lang='grc'><strong>7.</strong></span> <span class='ocrx_word' id='word_1_285' title='bbox 441 4379 478 4432; x_wconf 81' lang='grc'><strong>25</strong></span> <span class='ocrx_word' id='word_1_286' title='bbox 514 4376 560 4432; x_wconf 89' lang='lat' dir='ltr'><strong>sed</strong></span> <span class='ocrx_word' id='word_1_287' title='bbox 593 4377 802 4434; x_wconf 85' lang='lat' dir='ltr'><strong>multitudinem</strong></span> <span class='ocrx_word' id='word_1_288' title='bbox 835 4379 894 4435; x_wconf 82' lang='lat' dir='ltr'><strong>hmo</strong></span> <span class='ocrx_word' id='word_1_289' title='bbox 921 4381 1041 4435; x_wconf 86' lang='lat' dir='ltr'><strong>maxime</strong></span> <span class='ocrx_word' id='word_1_290' title='bbox 1063 4374 1154 4433; x_wconf 88' lang='lat' dir='ltr'><strong>allicit</strong></span> <span class='ocrx_word' id='word_1_291' title='bbox 1174 4374 1248 4445; x_wconf 87' lang='lat' dir='ltr'><strong>quod</strong></span> <span class='ocrx_word' id='word_1_292' title='bbox 1270 4373 1312 4430; x_wconf 88' lang='lat' dir='ltr'><strong>ita</strong></span> <span class='ocrx_word' id='word_1_293' title='bbox 1333 4375 1436 4443; x_wconf 89' lang='lat' dir='ltr'><strong>putant</strong></span> <span class='ocrx_word' id='word_1_294' title='bbox 1460 4371 1501 4426; x_wconf 75' lang='lat' dir='ltr'><strong>cfr</strong></span> 
     </span>
     <span class='ocr_line' id='line_1_34' title="bbox 250 4458 1500 4539; baseline -0.009 -16"><span class='ocrx_word' id='word_1_295' title='bbox 250 4469 385 4539; x_wconf 75' lang='lat' dir='ltr'><strong>praterea.</strong></span> <span class='ocrx_word' id='word_1_296' title='bbox 407 4465 531 4536; x_wconf 84' lang='lat' dir='ltr'><strong>Madvig.</strong></span> <span class='ocrx_word' id='word_1_297' title='bbox 555 4463 590 4518; x_wconf 88' lang='lat' dir='ltr'><strong>ad</strong></span> <span class='ocrx_word' id='word_1_298' title='bbox 613 4462 668 4519; x_wconf 81' lang='lat' dir='ltr'><strong>cio.</strong></span> <span class='ocrx_word' id='word_1_299' title='bbox 692 4464 752 4520; x_wconf 75' lang='lat' dir='ltr'><strong>rin.</strong></span> <span class='ocrx_word' id='word_1_300' title='bbox 779 4465 806 4519; x_wconf 92' lang='lat'><strong>1.</strong></span> <span class='ocrx_word' id='word_1_301' title='bbox 832 4466 859 4519; x_wconf 89' lang='grc'><strong>7.</strong></span> <span class='ocrx_word' id='word_1_302' title='bbox 885 4468 939 4532; x_wconf 82' lang='grc'><strong>25;</strong></span> <span class='ocrx_word' id='word_1_303' title='bbox 963 4469 992 4521; x_wconf 83' lang='grc'><strong>2.</strong></span> <span class='ocrx_word' id='word_1_304' title='bbox 1019 4466 1045 4520; x_wconf 92' lang='grc'><strong>1.</strong></span> <span class='ocrx_word' id='word_1_305' title='bbox 1072 4458 1111 4528; x_wconf 85' lang='grc'><strong>1;’</strong></span> <span class='ocrx_word' id='word_1_306' title='bbox 1128 4461 1243 4518; x_wconf 80' lang='lat' dir='ltr'><strong>Klihue&#39;r</strong></span> <span class='ocrx_word' id='word_1_307' title='bbox 1263 4460 1344 4520; x_wconf 72' lang='lat' dir='ltr'><strong>Tuae.</strong></span> <span class='ocrx_word' id='word_1_308' title='bbox 1371 4461 1398 4515; x_wconf 81' lang='lat'><strong>4.</strong></span> <span class='ocrx_word' id='word_1_309' title='bbox 1418 4460 1447 4514; x_wconf 89' lang='grc'><strong>3.</strong></span> <span class='ocrx_word' id='word_1_310' title='bbox 1464 4460 1500 4521; x_wconf 85' lang='grc'><strong>6;</strong></span> 
     </span>
     <span class='ocr_line' id='line_1_35' title="bbox 250 4533 1501 4629; baseline -0.006 -21"><span class='ocrx_word' id='word_1_311' title='bbox 250 4553 395 4611; x_wconf 62' lang='lat' dir='ltr'><strong>orsesium</strong></span> <span class='ocrx_word' id='word_1_312' title='bbox 417 4551 497 4606; x_wconf 75' lang='lat' dir='ltr'><strong>vasu</strong></span> <span class='ocrx_word' id='word_1_313' title='bbox 524 4552 549 4605; x_wconf 94' lang='lat'><strong>1.</strong></span> <span class='ocrx_word' id='word_1_314' title='bbox 570 4549 585 4617; x_wconf 76' lang='lat' dir='ltr'><strong>o</strong></span> <span class='ocrx_word' id='word_1_315' title='bbox 610 4551 659 4605; x_wconf 82' lang='lat' dir='ltr'><strong>aa.</strong></span> <span class='ocrx_word' id='word_1_316' title='bbox 704 4551 952 4610; x_wconf 69' lang='lat' dir='ltr'><strong>notemus-noue</strong></span> <span class='ocrx_word' id='word_1_317' title='bbox 972 4572 1000 4629; x_wconf 76' lang='lat' dir='ltr'><strong>p.</strong></span> <span class='ocrx_word' id='word_1_318' title='bbox 1027 4554 1096 4612; x_wconf 80' lang='lat' dir='ltr'><strong>ore.</strong></span> <span class='ocrx_word' id='word_1_319' title='bbox 1120 4548 1193 4608; x_wconf 75' lang='lat' dir='ltr'><strong>anm.</strong></span> <span class='ocrx_word' id='word_1_320' title='bbox 1221 4549 1248 4609; x_wconf 87' lang='lat'><strong>1.</strong></span> <span class='ocrx_word' id='word_1_321' title='bbox 1300 4533 1410 4621; x_wconf 62' lang='lat' dir='ltr'><strong>mering</strong></span> <span class='ocrx_word' id='word_1_322' title='bbox 1432 4561 1501 4602; x_wconf 73' lang='lat' dir='ltr'><strong>noo·</strong></span> 
     </span>
     <span class='ocr_line' id='line_1_36' title="bbox 248 4637 828 4720; baseline -0.002 -25"><span class='ocrx_word' id='word_1_323' title='bbox 248 4641 339 4712; x_wconf 82' lang='lat' dir='ltr'><strong>pullos</strong></span> <span class='ocrx_word' id='word_1_324' title='bbox 361 4637 487 4710; x_wconf 77' lang='lat' dir='ltr'><strong>Sallustii</strong></span> <span class='ocrx_word' id='word_1_325' title='bbox 508 4638 582 4704; x_wconf 86' lang='lat' dir='ltr'><strong>locos</strong></span> <span class='ocrx_word' id='word_1_326' title='bbox 604 4638 703 4704; x_wconf 86' lang='lat' dir='ltr'><strong>attulit</strong></span> <span class='ocrx_word' id='word_1_327' title='bbox 725 4657 753 4720; x_wconf 89' lang='lat' dir='ltr'><strong>p.</strong></span> <span class='ocrx_word' id='word_1_328' title='bbox 779 4637 828 4701; x_wconf 78' lang='grc'><strong>58.</strong></span> 
     </span>
    </p>
   </div>
   <div class='ocr_carea' id='block_1_15' title="bbox 0 0 1658 5182">
    <p class='ocr_par' dir='ltr' id='par_1_15' title="bbox 0 0 1658 5182">
     <span class='ocr_line' id='line_1_37' title="bbox 0 0 1658 5182; baseline 0 0"><span class='ocrx_word' id='word_1_329' title='bbox 0 0 1658 5182; x_wconf 95' lang='lat' dir='ltr'><strong> </strong></span> 
     </span>
    </p>
   </div>
  </div>
 </body>
</html>
