3308 5182
1368 374 1407 439 21

195 549 307 612 Livius
329 551 358 612 2:
381 550 462 626 435:
485 548 535 626 263
557 549 586 613 3:
608 552 639 612 4.
692 548 852 614 Eeocerbo
879 572 941 616 vox
963 553 1111 628 Liviana,
1135 552 1174 616 G.
1200 551 1248 615 16.
1272 554 1309 615 Τ.
1333 552 1383 625 62,
1397 547 1448 615 75.

195 650 264 747 Vit.
291 652 339 713 14.
364 650 488 714 Cicero:
505 650 641 725 irritare,
653 653 699 714 ira
711 653 886 717 incendere.
922 653 1060 716 Erectus
1072 675 1128 736 pro
1140 654 1291 735 diligenti,
1302 653 1450 716 accurato

194 753 231 840 T.
242 751 280 814 18
293 753 479 815 exactiorem
493 771 596 815 curam
610 752 764 834 praestitet
775 755 853 816 Hor.
868 753 979 825 Quint.
1003 754 1190 818 Ecetrae:
1202 765 1278 818 aestu
1291 755 1451 818 exundare

196 854 237 916 A.
274 854 322 915 18.
357 853 448 917 Nilus
477 863 639 916 exestuat.
664 854 700 916 T.
724 853 763 916 62
786 855 876 918 nimis
898 857 1111 930 incalesceret,
1133 856 1226 919 nimis
1249 863 1448 919 exaestuaret.
1551 894 1555 909 ·
1626 888 1629 895 ·

195 951 336 1016 Eeomen
357 984 390 1008 ε
412 954 517 1036 lingna
548 963 675 1017 staterae
712 953 810 1036 Vesp.
834 957 885 1019 25.
938 956 1103 1019 Eeontme'e
1119 957 1220 1038 jacuit
1242 956 1277 1021 C.
1300 956 1352 1019 82.
1376 956 1448 1018 Liv.

196 1056 277 1119 Plin.
316 1056 426 1136 major.
461 1056 535 1118 Tac.
561 1058 667 1119 Poetae
689 1077 745 1138 pro
769 1058 960 1121 exanimato.
1006 1056 1256 1141 usercenci-ep
1280 1059 1317 1121 de
1340 1057 1450 1140 pretiis

195 1177 294 1219 rerum
329 1157 350 1219 i.
375 1177 404 1240 q.
439 1157 641 1220 vehementer
663 1158 765 1239 augeri
789 1160 825 1221 Τ.
849 1160 889 1221 34
912 1159 1014 1239 pretia
1037 1179 1182 1222 vasorum
1205 1158 1239 1221 in
1262 1159 1448 1221 immensum

196 1258 363 1322 exarsisse.
407 1255 594 1332 Enormcre,
628 1279 690 1321 vox
721 1279 787 1341 arg.
822 1268 872 1321 eet.
902 1261 1099 1340 scriptorum,
1122 1261 1213 1323 Dom.
1241 1259 1277 1321 15
1299 1289 1331 1312 =
1353 1259 1450 1322 armis

195 1360 344 1441 spoliare,
377 1379 503 1421 exuere.
570 1357 746 1421 anoctoro
789 1360 830 1423 A.
864 1362 915 1423 24.
950 1363 987 1423 T.
1012 1362 1061 1422 30.
1096 1362 1165 1423 Vit.
1204 1362 1250 1422 10.
1285 1362 1384 1444 Vesp.
1418 1359 1448 1422 8.

195 1463 355 1543 Frequens
389 1460 469 1541 apud
504 1480 604 1522 rerum
628 1461 797 1542 scriptores
821 1462 947 1525 verbum
971 1471 1029 1524 est.
1074 1460 1234 1536 Eeealeeo,
1268 1461 1361 1524 alicui
1394 1481 1450 1544 pe-

197 1553 250 1624 des
284 1562 421 1643 praebere
456 1562 682 1624 00001000οἀοο
715 1562 781 1624 Vit.
818 1565 847 1624 2.
883 1564 981 1645 Vesp.
1015 1563 1045 1626 8.
1080 1564 1163 1625 Vell.
1202 1562 1317 1625 Varro.
1351 1564 1447 1626 Mart.

196 1663 314 1726 Seneca
348 1663 386 1725 de
420 1681 452 1724 re
490 1665 622 1725 scenica.
678 1661 834 1726 Excedere
867 1684 934 1726 cum
969 1684 1032 1726 acc.
1054 1664 1197 1746 jungitur
1219 1664 1302 1744 apud
1324 1663 1447 1727 Livium

195 1773 227 1827 et
249 1760 444 1827 Posteriores
478 1754 629 1844 praecipue
662 1764 771 1827 transl.
796 1764 1023 1846 significatione
1049 1767 1100 1849 (ut
1125 1765 1257 1848 egredi);
1279 1765 1363 1846 apud
1397 1764 1449 1826 Ci-

195 1868 337 1928 ceronem
381 1883 457 1925 vero
491 1872 522 1926 et
555 1865 710 1928 Caesarem
743 1865 872 1946 propria
904 1867 936 1928 vi
968 1887 1035 1930 cum
1070 1866 1293 1948 praepositione
1327 1885 1365 1927 ex
1398 1864 1448 1928 vel

194 1987 261 2029 cunr
295 1965 358 2027 abl.
400 1966 436 2027 T.
471 1963 511 2026 29
545 1975 722 2028 excesserat
754 1966 959 2030 humanitatis
993 1968 1128 2041 modum,
1161 1966 1228 2030 001.
1264 1968 1313 2028 22.
1370 1969 1448 2029 Fre-

195 2067 397 2151 quentissime
431 2065 477 2127 ita
509 2066 690 2129 Suetonius.
725 2069 883 2131 Praeterea
915 2069 1015 2132 utitur
1037 2068 1203 2131 Suetonius
1226 2067 1331 2130 verbis
1355 2086 1448 2128 exce·

196 2171 268 2231 dere
302 2168 360 2252 (A.
391 2166 420 2227 5.
444 2167 491 2230 cl.
515 2167 565 2230 45.
588 2169 685 2249 Vesp.
708 2171 737 2231 2.
761 2169 825 2231 Τ11.
852 2166 907 2253 ll)
930 2179 961 2231 et
984 2189 1130 2232 excessus
1153 2169 1206 2253 (T.
1231 2171 1280 2242 22,
1302 2162 1353 2231 70.
1379 2167 1446 2232 Gal.

196 2272 223 2332 1.
247 2267 277 2332 9.
300 2268 351 2330 48.
375 2267 415 2330 Ν.
440 2267 469 2328 5.
493 2268 591 2349 Vesp.
616 2268 650 2353 3)
673 2270 781 2333 eadem
805 2269 910 2349 signif.
935 2269 1448 2350 00010001,00000001100011110

195 2369 346 2432 vocabulo
369 2362 485 2431 ”vitae”.
516 2370 638 2433 Cicero:
663 2371 810 2432 excedere
838 2389 864 2443 0,
888 2371 935 2443 de,
951 2390 970 2430 a
985 2371 1062 2443 vita,
1078 2390 1149 2432 raro
1167 2371 1317 2433 excedere
1330 2370 1446 2454 vita2).

196 2471 347 2534 Eecc'dere
370 2471 504 2532 formula
527 2471 574 2534 Ol.
601 2472 638 2532 l4
660 2471 681 2532 i.
706 2492 730 2532 s.
755 2492 783 2553 q.
809 2472 895 2533 litem
920 2471 1061 2552 perdere,
1084 2491 1178 2533 causa
1200 2471 1321 2544 cadere,
1344 2472 1449 2534 0110-

196 2573 299 2654 quitur
332 2571 504 2635 Suetonius
527 2570 595 2633 Cel.
630 2571 670 2633 39
683 2574 722 2656 ³).
766 2570 892 2646 Eacire,
915 2572 1058 2634 exciente
1081 2570 1282 2635 1100010001.
1305 2572 1353 2635 21.
1378 2573 1446 2637 Gal.

195 2674 235 2736 43
257 2693 325 2756 quae
348 2673 420 2746 v'ox,
442 2672 597 2753 praecipue
620 2680 785 2754 poetarum
821 2681 852 2735 et
874 2693 975 2735 rerum
999 2673 1198 2754 scriptorum,
1219 2674 1303 2736 haud
1325 2673 1389 2736 scio
1408 2694 1449 2736 an

195 2775 279 2838 00110
308 2774 375 2836 1000
400 2773 482 2853 apud
507 2774 686 2836 Ciceronem
712 2783 743 2836 et
765 2774 920 2838 (loeserem
944 2773 1128 2854 reperiatur.
1172 2772 1321 2837 Eceolere
1339 2774 1448 2837 eedem

196 2876 225 2937 vi
259 2894 321 2958 que
354 2862 502 2936 exornare
529 2884 603 2936 ante
625 2895 689 2956 arg.
712 2884 835 2938 aetatem
857 2874 912 2938 vix
934 2875 1075 2937 invenias
1098 2876 1138 2938 A.
1162 2874 1203 2937 29
1225 2876 1332 2938 urbem
1355 2876 1449 2939 exeo·

196 2977 263 3047 luit,
296 2974 344 3038 Ol.
368 2975 403 3036 21
430 2974 513 3037 circo
537 2976 661 3039 exculto
685 2976 862 3039 carceribus
884 2984 917 3038 et
939 2975 1042 3050 metis,
1064 2975 1100 3039 0.
1123 2976 1174 3038 84.
1199 2977 1238 3038 Ν.
1263 2976 1313 3050 28,
1337 2976 1383 3038 510
1406 2976 1447 3038 Α.

196 3074 246 3150 72,
269 3075 376 3140 Cicero
398 3095 520 3155 semper
541 3077 652 3139 transl.
676 3077 913 3158 significatione.
957 3074 1110 3140 Esereseo
1131 3077 1170 3141 G.
1195 3079 1245 3139 21.
1271 3077 1392 3140 Transl.
1416 3076 1448 3138 vi

197 3178 266 3242 Vit.
302 3177 341 3239 10
374 3175 472 3238 series
505 3176 606 3239 litium
641 3163 822 3240 excreverat
854 3177 976 3241 Colum.
1006 3175 1117 3248 Quint.
1140 3178 1221 3241 Plin.
1246 3177 1351 3257 Major
1373 3179 1448 3240 Tac.
1518 3166 1520 3170 ¹

197 3277 348 3342 Eeercere
381 3273 560 3340 Graecorum
593 3298 679 3341 more
713 3299 770 3359 pro
804 3298 840 3341 eo
870 3279 952 3361 quod
976 3288 1025 3340 est
1047 3273 1095 3341 ”se
1118 3297 1273 3353 exercere,
1296 3272 1450 3343 00000001η

196 3380 231 3444 G.
244 3378 296 3443 26.
309 3378 351 3441 A.
378 3377 420 3441 98
442 3379 579 3460 ephebos
603 3389 794 3443 exercentes.
838 3377 993 3443 Eelibere
1015 3379 1246 3454 liberalitatem,
1259 3380 1450 3443 moderatio-

196 3500 277 3554 nem,
309 3479 507 3542 clementiam
540 3480 632 3543 simil.
667 3501 724 3563 pro
758 3501 805 3558 eo,
834 3481 916 3563 quod
940 3488 987 3543 est
1021 3481 1180 3556 usitatius,
1207 3488 1451 3563 0000100000-

195 3602 235 3664 00
267 3579 352 3666 apud
396 3580 524 3643 Sueten.
570 3588 602 3644 et
632 3582 831 3646 Posteriores
863 3582 1028 3645 invenitur.
1072 3582 1140 3644 Vit.
1178 3576 1214 3644 17
1245 3575 1353 3662 ”quum
1387 3583 1451 3646 Oa-

192 3684 226 3764 jo
259 3681 505 3777 ministratorem
539 3678 764 3772 exhiberet14)
798 3683 905 3746 eadem
939 3682 969 3744 vi
1002 3702 1064 3764 qua
1086 3684 1223 3764 praebere
1246 3701 1290 3744 se.
1325 3682 1451 3746 Euboe·-

194 3783 255 3847 1001
285 3801 343 3865 pro
375 3782 538 3846 adhortari
570 3783 606 3847 G.
640 3785 691 3846 33.
724 3782 922 3848 Posteriores
955 3782 1021 3846 Col.
1044 3783 1118 3847 800.
1162 3782 1301 3870 Eripere
1323 3783 1450 3870 proprie

242 3960 270 4043 ι)
310 3962 416 4024 ”Notat
444 3968 556 4024 omnino
589 3968 764 4024 exardescere
792 3986 809 4022 0
841 3986 928 4040 parvo
951 3969 1042 4034 initio,
1065 3972 1097 4025 ut
1119 3986 1134 4024 e
1156 3971 1289 4037 scintilla,
1311 3971 1341 4025 in
1362 3968 1451 4023 mexi-

198 4073 272 4111 mum
294 4049 466 4111 exerescere”
488 4054 540 4110 Bc.
585 4053 718 4111 Similiter
741 4073 785 4125 00.
808 4057 961 4111 Varronem
983 4056 1206 4124 excandefacere,
1229 4077 1274 4131 00.
1297 4057 1370 4111 Ρ110.
1384 4071 1451 4109 000-

196 4142 285 4214 jorem
307 4142 452 4214 flagellare
474 4142 624 4198 invenitur.
670 4142 692 4196 Ε
713 4142 822 4213 Vellejo
844 4143 927 4198 allert
950 4131 1060 4214 9011100
1080 4145 1238 4216 exemplum
1260 4164 1289 4216 p.
1315 4143 1364 4197 22.

243 4221 270 4299 ²)
293 4227 359 4296 ”Qui
380 4229 441 4284 vita
462 4226 650 4283 excesserunt''
672 4228 750 4284 Brut.
775 4231 824 4284 75.
848 4230 919 4286 262.
944 4229 989 4285 Otr
1011 4230 1101 4300 Draeg.
1125 4228 1160 4286 Η.
1183 4232 1211 4286 8.
1234 4251 1262 4302 p.
1280 4232 1352 4285 413.
1368 4227 1451 4281 Plura

197 4317 358 4372 debeone
381 4315 443 4371 vide
465 4315 592 4386 Seyffert.
615 4315 651 4369 ad
674 4315 787 4370 Laelium
811 4335 839 4386 p.
863 4317 914 4373 49.

244 4394 270 4470 ³)
295 4403 364 4457 viee
383 4402 476 4456 Bromi
498 4402 534 4456 aa
555 4401 596 4456 cr.
624 4401 672 4456 14.

243 4481 270 4557 ¹)
294 4489 349 4547 Alii
370 4488 477 4546 0001001
499 4506 536 4545 se.
561 4489 631 4544 Vide
653 4506 713 4561 quae
736 4493 770 4546 de
793 4507 859 4545 vore
881 4488 975 4544 ludere
997 4488 1154 4560 disputabo.
