3308 5182
271 409 310 472 86

228 599 335 653 contra
367 604 399 650 so
426 576 638 673 (accumbens)
665 588 729 652 oar.
755 588 803 662 18,
825 588 891 649 6166
911 594 1035 647 auctore
1057 602 1161 650 versus
1172 579 1200 670 ¹)
1222 587 1262 650 A.
1284 586 1341 664 'r‘ll;
1374 588 1481 651 addito

228 691 377 769 adjectivo
393 690 445 751 uel
468 689 600 769 genitivo
626 689 810 751 substantivi
832 688 889 749 hoc
911 687 1013 748 modo:
1046 687 1211 769 asperrima
1236 688 1273 750 de
1295 708 1328 751 se
1350 689 1479 770 epistola

229 792 268 853 A.
291 788 340 864 61,
372 784 489 851 somnia
520 808 575 852 sua
603 792 640 852 de
662 799 694 852 se
714 791 755 853 A.
777 788 827 862 91,
859 797 974 849 veteres
997 789 1035 848 ad
1057 809 1090 851 se
1111 786 1266 852 codicillos
1288 783 1419 870 Augusti
1441 792 1480 852 de

230 890 396 954 acerbitate
428 892 462 952 ’.Γ
486 890 535 962 51,
560 898 657 953 tanta
685 910 723 952 ex
747 890 880 971 principe
902 887 1045 950 malaN.
1067 888 1118 964 39,
1140 890 1304 971 appellatio
1332 891 1481 953 mensise

230 993 348 1053 nornine
380 992 414 1054 0.
437 986 487 1065 76,
510 991 570 1052 tali
603 993 641 1053 ad
676 989 845 1083 Augustum
880 974 974 1068 elogio
997 989 1071 1052 Hor.
1094 991 1168 1062 vita,
1201 988 1328 1071 epistola
1351 989 1482 1054 Othonis

230 1093 279 1153 ad
284 1086 427 1176 ²)Vesp.
451 1087 533 1152 6.“’

312 1192 345 1256 Si
379 1193 414 1253 de
446 1185 572 1272 quadam
605 1181 783 1271 cognatione
815 1189 964 1271 quaritur,
996 1189 1169 1252 Graecorum
1192 1196 1274 1252 nare
1296 1144 1482 1273 appellativa

230 1313 296 1372 quae
318 1284 427 1372 66613)
449 1292 537 1362 filius,
569 1291 640 1364 filia,
668 1310 743 1353 uxor
775 1291 922 1352 interdum
956 1290 1101 1352 omittunt
1103 1310 1146 1352 ur.
1200 1291 1396 1355 ESuetonio
1418 1292 1483 1356 haec

230 1394 363 1479 exempla
387 1393 560 1453 afferro-:tur
585 1391 619 1453 0.
645 1390 686 1451 60
713 1390 909 1482 Postumiam,
944 1389 1042 1452 Servii
1076 1391 1201 1471 Sulpicii
1224 1389 1310 1474 (audi
1333 1394 1482 1477 uxorem).

230 1493 313 1554 Otho
339 1493 376 1553 10
400 1493 589 1553 Messalinam
613 1473 743 1554 Neronis
752 1472 793 1574 ³¹.)
839 1492 927 1552 Hunc
956 1489 1052 1570 poetis
1074 1491 1217 1554 usitatum
1241 1493 1404 1572 genitivum
1428 1513 1484 1576 po-

230 1595 369 1655 steriores
403 1613 457 1656 usu
489 1585 709 1676 receperunt⁵)
754 1592 905 1654 Aduerbio
938 1592 1057 1655 abunde
1088 1593 1236 1673 genitivus
1252 1594 1424 1675 ‚subjicitur
1445 1597 1481 1659 0.

230 1680 270 1757 86
293 1694 433 1774 potentiae
456 1694 614 1775 gloriaeque
635 1695 754 1757 abunde
776 1693 930 1775 adeptum.

315 1795 478 1873 Adjectiva
507 1797 604 1857 neutri
631 1795 747 1875 generis
775 1813 842 1855 raro
866 1795 943 1874 apud
969 1794 1124 1874 Principes
1147 1796 1200 1857 sol.
1225 1815 1265 1856 or.
1289 1797 1392 1878 script.
1417 1817 1483 1860 cum

230 1897 361 1976 genitivo
384 1897 532 1976 conjungi,
554 1894 630 1957 satis
653 1905 755 1967 notum
779 1894 877 1976 6611).
914 1894 1006 1974 Apud
1029 1895 1216 1973 posteriores,
1238 1898 1386 1976 imprimis
1402 1897 1481 1979 apud

232 1997 380 2069 Tacitum,
402 2008 433 2058 et
455 2009 558 2076 poetas
580 1997 659 2058 lranc
682 1995 798 2058 dicendi
822 1995 968 2056 rationem
986 1996 1255 2076 frequentissimam
1278 2017 1355 2072 esse,
1377 2008 1496 2060 tenen-'

231 2099 299 2158 dum
324 2108 379 2158 est.
414 2089 616 2180 Madvigius⁷)
639 2097 687 2158 ille
709 2105 818 2168 mouet,
840 2103 908 2176 post
932 2095 1169 2176 praepositionem
1198 2097 1382 2178 adjectivum
1405 2101 1484 2181 apud

231 2197 358 2277 optimos
382 2198 474 2259 vicem
493 2194 682 2259 'substantivi
706 2216 865 2278 numquam
890 2196 1051 2259 sustinere.
1106 2197 1213 2259 Livius
1238 2199 1350 2277 primus
1373 2200 1417 2262 ita
1439 2201 1486 2261 lo-

232 2308 317 2360 cutus
350 2308 396 2358 est
424 2318 548 2379 eumque
571 2298 761 2378 posteriores,
795 2297 873 2376 apud
903 2316 976 2377 quos
1000 2296 1048 2358 hic
1071 2297 1209 2378 loquendi
1234 2318 1296 2360 mos
1320 2301 1409 2380 viget,
1436 2314 1487 2362 se-

232 2399 291 2460 cuti
314 2392 431 2480 66613).
476 2398 697 2476 Nepeloachius
710 2391 738 2481 ⁹)
762 2399 854 2460 1666
877 2397 1022 2460 Suetonio
1046 2399 1213 2479 exemplum
1238 2400 1339 2462 affert:
1363 2402 1429 2463 Tib.
1445 2402 1487 2462 40
1544 2458 1556 2469 ,.

232 2487 378 2579 prolirnda
400 2501 500 2562 maris.
543 2501 624 2562 Huic
654 2501 791 2561 addenda
817 2507 903 2559 sunt:
933 2499 986 2561 Gr.
1009 2492 1029 2560 'l
1051 2498 1199 2566 residuum
1224 2500 1413 2576 cibariorum,
1446 2502 1488 2564 A.

232 2596 272 2662 78
295 2621 447 2681 rerumque
471 2600 602 2673 missilia,
624 2600 662 2661 A.
675 2598 715 2662 94
737 2620 789 2680 per
810 2608 927 2661 secreta
945 2598 1091 2672 Thracia,
1113 2599 1343 2663 innumerabilia
1360 2603 1422 2664 alia
1432 2596 1484 2686 ¹⁰).

233 2700 393 2772 Genitivus
426 2701 582 2781 subjicitur
600 2700 766 2762 adverbiis
799 2692 884 2782 001¹)
918 2708 949 2761 et
982 2692 1137 2782 6616633)
1160 2699 1276 2783 (aot
1299 2701 1372 2784 1661)
1401 2706 1483 2784 apud

238 2800 424 2875 Suetonium,
458 2802 658 2882 praeeuntibus
692 2801 838 2864 Sallustio
872 2807 903 2861 et
934 2800 1030 2862 Livio.
1086 2801 1168 2880 Apte
1189 2812 1344 2883 comparat
1365 2800 1489 2885 Draeger

238 2900 281 2982 (p.
304 2900 372 2985 26),
399 2903 434 2964 de
452 2904 518 2966 'hac
541 2923 572 2964 re
594 2903 754 2976 disserens,
776 2900 940 2964 locutiones
962 2901 1030 2963 illas
1053 2901 1204 2964 Ciceronis
1227 2903 1288 2977 ubi,
1311 2892 1489 2987 ubicunque,

238 3002 323 3082 louge
352 3013 510 3077 terrarum,
533 3004 675 3084 gentium.
726 2999 776 3065 'De
798 3001 948 3064 locutione
971 2996 1016 3063 ”id
1039 2997 1155 3065 66161163
1177 3004 1246 3065 vide
1267 3022 1329 3066 acc.
1353 3006 1428 3080 aba,
1451 3008 1488 3069 de

237 3165 433 3175 -κω-ω--φ-

276 3250 301 3326 ¹)
323 3253 369 3308 cfr
391 3253 444 3311 016.
467 3255 544 3310 Τ666.
568 3257 594 3309 2.
619 3256 644 3310 3.
688 3255 847 3312 [rectionem
879 3257 937 3312 sine
969 3256 1028 3311 ulla
1060 3255 1214 3312 delectione
1248 3254 1368 3328 negligo.
1417 3256 1489 3314 Pras·

238 3341 386 3410 positiones
408 3342 466 3396 sine
489 3344 517 3396 et
540 3358 602 3415 cum
624 3343 649 3396 h.
674 3361 709 3396 m.
731 3343 817 3397 etiam
840 3343 941 3412 optimi
963 3344 1111 3414 scriptores
1133 3347 1307 3413 usurparunt.

276 3423 299 3493 3)
322 3427 448 3497 Epistola
471 3428 622 3483 amicorum
645 3428 723 3500 (obj.)
746 3429 810 3486 Hor.
835 3431 901 3486 vita.
946 3429 1050 3485 Contra
1071 3431 1131 3484 A.1
1158 3429 1262 3484 bellum
1285 3428 1488 3484 finitimum:

240 3517 262 3567 b.
286 3514 359 3582 quod
393 3533 454 3569 cum
488 3514 613 3570 finitimis
635 3516 784 3587 gerebatur
806 3517 907 3582 Justin,
942 3516 978 3571 od
1000 3516 1211 3572 similitudinem
1234 3517 1405 3573 locutionum
1429 3535 1490 3586 quau

237 3601 302 3657 sunt
326 3601 428 3656 bellum
449 3602 559 3667 sociale,
582 3602 664 3657 civile
685 3603 745 3659 sim.

276 3684 299 3756 3)
323 3689 413 3743 Madv.
438 3691 507 3744 280.
531 3691 557 3745 4.
581 3689 718 3745 R.-Haase
740 3709 766 3760 p.
790 3690 860 3747 641.

276 3776 300 3845 4)
323 3775 368 3829 mr
390 3776 463 3845 apud
486 3776 641 3847 Vergilium
666 3778 692 3831 3.
717 3777 786 3832 319.
821 3776 946 3832 Hectoris
967 3774 1168 3832 Andromache.

277 3859 300 3931 3)
323 3861 369 3916 etr
390 3863 505 3935 Madvig
527 3864 585 3919 sin.
611 3866 637 3918 5.
662 3865 689 3918 5.
715 3862 761 3917 13.

277 3945 413 4019 6)Μ6ι16.
439 3948 498 4005 284
523 3968 596 4005 anm.
622 3953 647 4005 5.
692 3948 746 4006 016.
769 3950 834 4004 fam.
861 3951 885 4003 1.
911 3949 936 4003 9.
970 3968 1078 4005 summa
1105 3949 1235 4018 pectoris,
1263 3947 1296 4002 de
1320 3946 1364 4000 Or.
1390 3948 1415 4000 2.
1445 3947 1490 4018 ld.

239 4039 371 4110 cujusque
404 4037 472 4092 artis
504 4036 678 4098 difficillima,
713 4035 771 4092 Att.
796 4037 823 4090 4.
847 4037 873 4091 3.
898 4035 976 4090 316
998 4038 1132 4093 interiora
1153 4035 1263 4098 aedium,
1287 4033 1364 4088 Verr.
1391 4034 1416 4087 1.
1443 4033 1490 4088 15.

240 4127 335 4180 inania
357 4123 514 4179 nobilitatis
536 4125 625 4180 Caesar
650 4125 676 4178 3.
704 4122 770 4178 105.
793 4124 823 4179 16
846 4122 961 4179 66661116
984 4128 1013 4181 61
1035 4123 1185 4180 reconditis
1205 4121 1312 4192 templi.
1351 4120 1492 4186 Quatenus

240 4210 332 4267 Livius
354 4211 406 4264 hoc
428 4211 558 4280 loquendi
581 4229 668 4283 genus
689 4228 738 4264 usu
761 4212 905 4280 receperit,
930 4210 1010 4267 docet
1034 4211 1161 4267 Kiihnast
1183 4228 1209 4279 p.
1234 4209 1281 4262 78.

279 4292 302 4365 7)
327 4298 396 4351 285.
423 4299 446 4351 1.
639 4290 663 4366 3)
687 4297 798 4368 Draegcr
820 4296 851 4351 Τ.
874 4316 902 4367 p.
928 4298 975 4352 25.
1168 4291 1191 4363 3)
1213 4314 1239 4366 p.
1264 4296 1311 4349 73.

267 4379 302 4453 10)
325 4383 370 4438 cfr·
393 4384 568 4456 Nilgelsbach
592 4402 618 4453 p.
643 4385 693 4448 78,
718 4383 846 4439 Kiihnast
868 4402 894 4453 p.
920 4385 966 4438 78.

267 4463 302 4540 11)
326 4471 416 4525 llladv.
441 4473 509 4527 284.
536 4473 583 4524 10.
606 4471 717 4543 Drmger
739 4469 769 4525 T.
792 4470 808 4537 §
831 4471 881 4535 67,
906 4470 964 4526 HS.
990 4471 1061 4534 414,
1084 4468 1214 4525 Kiihnast
1236 4487 1262 4540 p.
1282 4469 1333 4530 81,
1356 4466 1493 4523 R.·Haase

241 4561 298 4614 661.
323 4560 391 4613 534.

269 4639 304 4713 13)
327 4645 389 4701 Vol.
412 4646 484 4703 Max.
509 4644 656 4719 saepissime
678 4645 720 4699 ita
742 4632 850 4700 locutus
871 4645 942 4723 est„
