3308 5182
285 401 327 465 34

243 579 327 656 apud
350 576 527 641 Ciceronem
550 569 680 656 ”pueros
704 569 907 638 meritorios”.
950 572 1087 638 Merddio
1107 570 1268 639 ”somnum
1291 575 1498 638 meridianam

241 672 370 757 capere”
392 676 460 739 Cal.
484 674 534 738 38.
558 676 600 738 N.
622 673 653 737 6.
677 675 789 738 Celsus
811 675 965 739 Catullus.
1010 673 1135 739 Merum
1156 684 1321 757 poetarum
1338 694 1423 739 more
1438 696 1496 756 pro

240 777 312 839 vino
336 797 420 840 mero
442 778 484 839 A.
507 776 548 838 35
571 778 660 839 thure
682 796 718 837 ac
742 795 826 839 mero
849 776 891 838 A.
915 776 966 838 94.
1012 775 1128 839 Militia
1160 776 1494 859 insolenterpositum

240 878 289 941 Cl.
323 880 364 942 25
397 886 557 959 equestres
586 876 718 939 militias
741 875 790 961 (=
812 878 928 956 gradus
951 876 1089 962 militie)
1112 879 1158 940 ita
1180 877 1351 940 ordinavit.
1396 879 1493 959 Apud

238 978 362 1043 Livium
385 981 481 1043 etiam
504 998 530 1040 s.
555 979 577 1041 i.
601 998 630 1060 q.
655 977 781 1040 milites.
824 974 942 1039 Mimas
964 979 1090 1058 proprie
1109 979 1223 1042 dicitur
1240 980 1366 1052 histrio,
1380 978 1494 1041 deinde

238 1098 295 1162 per
327 1081 440 1144 transl.
475 1079 514 1141 de
546 1080 617 1161 ipsa
649 1079 768 1152 fabula,
800 1086 866 1141 tum
891 1079 928 1140 de
952 1079 1066 1160 quavis
1089 1100 1122 1142 re
1144 1080 1219 1143 ficta
1239 1081 1348 1143 eadem
1372 1081 1438 1141 fere
1460 1080 1494 1141 vi

239 1202 299 1264 qna
320 1181 478 1247 simulatio
501 1182 586 1243 velut
608 1178 676 1245 Gal.
699 1179 739 1242 45
761 1181 791 1242 in
814 1179 873 1242 hoo
896 1199 1017 1261 quoque
1040 1181 1131 1243 mimo
1154 1181 1415 1262 praetermodum
1440 1181 1492 1242 in-

238 1292 435 1364 temperans3
465 1281 550 1344 Otho
573 1283 602 1342 3.
626 1282 663 1345 T.
686 1277 782 1363 24¹).
806 1280 935 1344 Seneca.
978 1282 1074 1363 Apud
1098 1282 1277 1345 Ciceronem
1301 1285 1437 1365 primam
1460 1291 1494 1343 et

237 1385 379 1454 alteram.
401 1402 463 1445 non
486 1382 614 1446 tertiam
636 1381 892 1462 significationem
918 1383 947 1443 h.
960 1401 1023 1444 vox
1041 1382 1147 1446 babet.
1192 1381 1409 1456 Ministerierna
1427 1401 1490 1445 vox

232 1484 299 1564 jam
323 1485 394 1547 inde
412 1494 438 1546 'a
459 1483 545 1547 Livii
568 1491 662 1547 aetate
685 1483 897 1545 usitatissima
918 1483 988 1547 Gal.
1011 1485 1041 1546 2.
1065 1486 1103 1548 T.
1126 1484 1177 1546 55.
1220 1482 1414 1548 Ministrctoc
1435 1503 1493 1566 per

237 1586 348 1649 transl.
382 1585 497 1648 dicitur
530 1584 637 1649 eadem
671 1584 777 1666 signit'.
806 1603 869 1666 qua
890 1585 1018 1664 adjutor
1040 1587 1109 1648 Vit.
1138 1579 1184 1660 17,
1207 1585 1285 1659 Oia,
1308 1586 1436 1667 propria
1460 1584 1490 1647 vi

237 1689 319 1771 apud
344 1689 481 1751 Varron.
506 1686 658 1750 Senecam
682 1687 811 1751 Petron.
834 1686 905 1768 Dig.
949 1683 1105 1750 Miscelluc
1126 1687 1194 1751 Gal.
1218 1686 1259 1752 20
1275 1686 1404 1750 miscelli
1423 1685 1490 1749 ludi

234 1789 281 1853 ita
304 1800 464 1862 vocantur,
486 1789 568 1871 quod
591 1810 608 1851 e
631 1788 729 1851 variis
751 1789 914 1868 generibus
937 1788 1027 1851 mixti
1044 1797 1146 1852 erent.
1191 1787 1325 1852 Mietura
1339 1787 1496 1852 vitiorum

235 1900 268 1954 et
299 1890 448 1954 virtutum
471 1892 564 1954 Dom.
589 1892 618 1952 3.
643 1888 751 1959 Quint.
797 1887 936 1952 Missilis.
958 1890 1023 1953 Res
1046 1890 1181 1953 missiles
1202 1890 1244 1953 A.
1268 1889 1308 1953 98
1330 1918 1362 1942 =
1386 1890 1489 1953 missi-

235 1993 277 2056 lia
315 1991 383 2056 Cal.
421 1991 468 2054 18.
503 1993 544 2054 N.
581 1992 630 2054 ll.
659 1989 794 2053 Dom.4
828 1991 1012 2055 dicebantur
1033 2012 1160 2057 munera
1182 1993 1223 2054 ab
1245 1988 1488 2074 imperatoribus

233 2094 349 2178 populo
383 2113 507 2174 sparsa.
551 2089 662 2156 Missio
694 2092 869 2172 saepissime
902 2094 1070 2158 Suetonius
1098 2113 1155 2177 pro
1178 2093 1358 2157 dimissione
1380 2090 1488 2178 (Ltv.)

233 2194 274 2259 A.
302 2189 338 2258 17
362 2195 494 2259 militurn
519 2184 643 2276 praemia
665 2201 698 2257 et
720 2193 900 2258 missionem
925 2196 1134 2276 poscentium
1156 2195 1247 2258 etiam
1272 2196 1309 2256 de
1327 2194 1487 2277 gladiato-

233 2299 317 2360 ribus
352 2294 516 2360 dicebatur
550 2296 666 2369 missio‚
699 2315 793 2378 quum
815 2296 947 2379 populus
970 2298 1016 2360 eis
1045 2297 1241 2370 concederet,
1263 2316 1301 2360 ne
1323 2315 1422 2378 usque
1444 2297 1485 2359 ad

232 2406 363 2463 mortem
399 2399 628 2480 depugnarent,
651 2397 740 2461 velut
771 2398 814 2461 A.
846 2397 886 2460 45
919 2399 1111 2480 gladiatores
1140 2398 1177 2482 (i.
1203 2409 1252 2462 est
1272 2397 1484 2480 gladiatorum

232 2498 377 2584 munera)
400 2500 467 2563 sine
492 2500 638 2563 missione
662 2499 711 2562 edi
734 2498 906 2579 prohibuit.
928 2500 1001 2563 Llr.
1026 2502 1100 2565 Sen.
1120 2502 1214 2563 Mart.
1259 2498 1414 2567 Mesene
1428 2518 1486 2582 pro

231 2613 434 2665 exauctorato
462 2603 668 2682 praetorianus
691 2600 802 2663 dicitnr
823 2601 863 2663 N.
887 2600 938 2662 48.
982 2600 1099 2665 Missus
1120 2621 1183 2673 ·as‚
1204 2602 1264 2664 nisi
1286 2602 1318 2664 in
1341 2601 1404 2676 abl.
1429 2621 1485 2664 oa-

231 2704 298 2765 dem
334 2702 365 2763 vi
399 2721 460 2783 qua
489 2703 577 2782 jussu
611 2720 672 2764 non
694 2701 855 2764 invenitur
877 2703 960 2783 apud
983 2703 1152 2777 Caesarem,
1174 2703 1257 2781 regis
1280 2703 1376 2786 missu
1399 2702 1483 2784 apud

232 2791 381 2885 Verg.²),
413 2822 562 2885 nusquam
596 2803 676 2884 apud
709 2801 905 2889 Ciceronem
937 2804 1020 2884 apud
1055 2805 1184 2867 Sueton.
1214 2823 1270 2884 per
1291 2804 1403 2866 transl.
1427 2797 1484 2865 ”de

229 2903 379 2965 vehiculis
413 2904 461 2965 vel
495 2904 533 2965 de
566 2903 775 2984 gladiatorum
812 2904 948 2983 paribus,
971 2925 1039 2987 quae
1062 2924 1123 2967 uno
1145 2915 1287 2989 tempore
1310 2903 1351 2966 ad
1378 2914 1483 2969 certa·

229 3023 299 3089 men
322 3004 354 3067 in
377 3024 500 3066 arenam
525 2997 761 3066 emittebantnr”
782 3003 858 3078 Βο.,
882 3004 979 3069 0121
1005 3024 1232 3087 nonnumquam
1247 3005 1411 3085 interjecta
1425 3020 1484 3086 per

228 3107 339 3189 quinos
361 3106 473 3169 missus
495 3104 675 3177 venatione,
697 3105 738 3165 N.
762 3105 812 3166 22.
838 3106 928 3169 Dom.
952 3108 983 3169 4.
1027 3105 1203 3170 Modalatas
1217 3107 1390 3189 vipassiva
1404 3122 1482 3187 poe·

226 3214 327 3270 tarum
351 3226 445 3281 more,
469 3206 630 3268 modulata
652 3205 791 3267 carmina
813 3209 853 3268 A.
877 3202 927 3268 57.
952 3207 1020 3270 Cal.
1048 3207 1095 3272 16.
1119 3208 1158 3270 Ν.
1183 3210 1233 3280 20,
1243 3207 1294 3270 42.
1339 3204 1481 3273 Meliteia

226 3328 325 3371 rerum
351 3327 497 3371 novarum
522 3307 561 3368 N.
585 3305 635 3366 35.
660 3306 789 3369 Sueton.
815 3328 896 3371 unus
919 3311 958 3371 11.“
974 3328 1048 3371 voce
1070 3328 1145 3371 usus
1169 3319 1227 3370 est.
1272 3307 1402 3371 Moneta
1417 3328 1479 3372 uno

225 3408 292 3471 loco
315 3408 433 3490 (Amic.
457 3410 508 3471 24.
531 3406 587 3488 89)
611 3407 695 3488 apud
718 3407 795 3482 Cic,
816 3410 853 3471 Τ.
879 3409 918 3472 18
939 3411 1111 3473 monitione
1134 3409 1254 3483 addita,
1275 3410 1317 3471 A.
1339 3408 1381 3471 89
1402 3428 1480 3494 pro·

224 3510 408 3591 utquisque
432 3509 605 3571 monitione
628 3508 794 3588 indigeret,
816 3511 858 3572 N.
881 3510 932 3574 56.
976 3509 1152 3595 Moripcror
1178 3509 1215 3596 (i.
1233 3530 1261 3593 q.
1279 3529 1404 3593 'morem
1422 3519 1479 3592 ge·

224 3628 292 3672 rere
325 3610 433 3691 alicui)
466 3609 576 3673 Cicero
601 3608 672 3694 (Or.
696 3609 747 3671 48.
775 3609 849 3692 159)
872 3612 978 3686 habet,
1000 3621 1033 3674 et
1055 3613 1142 3678 Suet.
1165 3613 1201 3675 T.
1224 3612 1266 3674 44
1288 3609 1397 3696 (sensu
1419 3613 1479 3674 ob·

222 3708 351 3795 sooeno)
376 3730 429 3775 ore
452 3711 545 3774 alicui
568 3710 764 3790 morigerari.
802 3711 988 3776 Momentum
1009 3734 1067 3795 pro
1089 3721 1203 3795 puncto
1218 3714 1378 3794 temporis,
1391 3714 1476 3793 nullo

221 3810 331 3874 addito
355 3812 492 3892 genitivo
516 3811 678 3894 temporis,
701 3830 737 3874 eo
759 3811 828 3893 ipso
851 3824 1009 3876 momento
1032 3816 1069 3878 T.
1095 3816 1144 3877 14.
1169 3813 1254 3879 Otho
1276 3815 1306 3888 4,
1329 3813 1476 3877 horarum

221 3898 380 3975 momenta
401 3942 434 3967 =
456 3913 541 3978 hore
563 3913 638 3994 ipse
670 3911 711 3974 A.
736 3913 786 3974 50.
810 3914 861 4001 01.
882 3915 933 3976 40.
956 3915 1053 3997 Vesp.
1077 3917 1128 3978 21.
1151 3916 1186 3980 0.
1207 3913 1259 3977 65.
1284 3915 1392 3978 Celsus
1417 3914 1476 3979 Li·

220 4014 298 4076 vius.
342 4010 465 4076 Movere
495 4044 528 4068 =
561 4014 680 4077 moveri
713 4014 760 4077 01.
784 4016 824 4078 22
847 4015 971 4098 quoties
993 4024 1077 4080 terra
1101 4017 1264 4091 movisset,
1285 4015 1397 4079 Livius
1419 4015 1472 4079 35.

218 4115 259 4178 40
282 4125 368 4177 terra
390 4113 456 4176 diss
479 4114 792 4197 duodequadraginta
816 4118 924 4181 movit.
955 4116 1126 4182 Suetonius
1149 4117 1306 4180 nonnullis
1328 4115 1474 4201 verbis³)

218 4216 263 4280 ita
286 4216 387 4279 utitur
409 4215 496 4279 velut
516 4216 552 4279 0.
574 4214 615 4278 64
637 4215 843 4298 precipitare.
888 4216 1108 4305 Munificentio‚
1131 4239 1150 4281 a
1173 4218 1334 4282 Ciceronis
1354 4217 1474 4282 110111-

215 4379 414 4391 ——u——u

262 4471 289 4542 ¹)
312 4470 345 4527 T.
370 4470 406 4527 24
431 4486 506 4526 nunc
527 4467 632 4541 legitur
654 4485 688 4526 ex
710 4470 906 4529 emendatione
928 4471 1073 4530 Gronovii:
1098 4472 1183 4529 mimo
1205 4489 1256 4545 pro
1278 4472 1382 4532 animo.

259 4550 284 4629 ²)
307 4557 352 4616 011
374 4557 483 4614 Livium
508 4558 535 4614 9.
563 4556 599 4612 19
624 4557 708 4614 missu
728 4558 826 4615 tolum.

258 4636 283 4715 ⁸)
306 4646 351 4702 011
374 4646 466 4703 Bromi
488 4644 524 4702 ad
545 4642 575 4701 0.
601 4644 648 4701 26.
