3308 5182
1346 379 1386 444 'ld

173 575 297 648 uterque
327 585 429 630 eorum
461 565 623 628 exercitum
655 564 794 628 educunt.
847 563 944 645 Apud?
966 564 1086 627 Livium
1114 574 1146 626 st
1166 561 1355 626 Posteriores
1376 559 1426 621 hic

175 687 247 733 usus
270 666 330 730 late
353 674 439 747 patet
452 664 489 748 ¹)
1188 684 1191 691 ·
1400 686 1403 693 ⁴

259 767 454 832 Memorabile
482 767 648 847 exemplum
673 766 729 829 hoo
750 775 807 843 est,
828 767 938 848 qood
925 787 989 848 Jam
1010 768 1186 848 Draegerp.
1210 759 1271 828 187
1292 761 1429 844 protulit,

173 868 219 933 Gi.
242 867 293 942 38,
321 868 373 930 irae
396 878 487 948 utque
509 866 671 931 ireruodiae
694 868 830 930 conscius
851 867 908 930 sibi
931 871 1094 949 utrumque
1101 865 1277 940 excusavit,
1297 864 1428 927 ubiex'·

175 977 294 1050 spectes
317 981 481 1049 utromque,
503 967 554 1049 qui
577 969 694 1051 quidem
717 987 788 1030 usus
809 969 889 1049 apud
912 978 1018 1050 poetas
1041 969 1133 1047 multo
1155 966 1246 1029 latius
1267 966 1355 1048 qnam
1378 983 1427 1045 sp.

173 1070 229 1131 sol.
253 1088 295 1131 or.
317 1067 477 1149 scriptores
498 1076 591 1148 patet.
634 1068 739 1131 Cicero
772 1069 817 1131 ita
850 1069 908 1131 nisi
941 1077 1046 1131 neutro
1076 1068 1189 1132 numeri
1212 1066 1338 1149 pluralis
1361 1074 1429 1149 post

182 1168 376 1231 substantiva
398 1168 529 1230 seminini
552 1168 669 1249 generis
691 1188 748 1231 non
773 1189 843 1233 usus
865 1168 965 1253 est2).
1026 1207 1029 1211 ⁴

257 1270 407 1332 Praeterea
428 1269 595 1351 exemplum
618 1268 732 1355 illudi)
753 1270 909 1334 afferetur:
932 1264 1112 1334 ”Eunuchus
1131 1279 1201 1348 acte
1215 1261 1277 1330 est”
1291 1265 1426 1331 Terentii

122 1439 124 1443 ¹
178 1368 253 1443 viis,
274 1367 326 1430 ubi
347 1388 408 1430 vox
430 1369 529 1431 litbula
551 1369 683 1433 auditur.
903 1355 906 1360 ¹

256 1468 463 1551 Appositionis
496 1489 562 1552 quae
595 1470 703 1536 dicitur
723 1472 813 1553 paulo
835 1470 1012 1534 insolentius
1033 1470 1202 1551 exemplum
1224 1481 1270 1533 est
1293 1469 1384 1551 Vesp.
1407 1468 1427 1532 5

178 1570 231 1660 bos
253 1568 399 1654 erstort)
422 1566 651 1657 (ssoic'oioosp'o
672 1573 847 1657 Hesiodus).
889 1573 933 1636 Ut
954 1573 1033 1652 apud
1056 1573 1283 1635 Praestsntiores
1304 1571 1362 1635 sol.
1384 1586 1427 1635 or.
1533 1634 1536 1639 .

181 1672 339 1753 scriptores
361 1672 423 1734 fieri
446 1673 531 1749 solet,
556 1683 590 1736 ut
610 1674 845 1749 substantivum,
876 1681 930 1736 ant
950 1673 979 1735 in
1003 1673 1188 1739 nominativo
1210 1677 1264 1735 sut
1285 1671 1319 1756 in,
1338 1674 1428 1751 acuti-

183 1773 280 1834 sativo
302 1772 442 1852 positum,
464 1784 616 1856 tamquam
640 1775 788 1857 appositio
810 1764 872 1866 aotij
883 1773 1082 1837 enuntiationi
1105 1793 1276 1855 praegressae
1291 1773 1430 1843 addatur,

176 1873 221 1935 ite
254 1872 344 1935 etiam
377 1873 572 1951 Posteriores,
604 1877 747 1956 imprimis
779 1875 915 1949 Tacitus,
947 1875 1037 1938 locuti
1058 1884 1139 1939 sunt.
1181 1874 1295 1938 Tamen
1320 1874 1377 1937 heo
1399 1895 1429 1935 re

174 1973 216 2034 illi
244 1974 283 2035 ab
310 1972 415 2036 horum
438 1976 651 2039 consuetudine
674 1976 791 2040 dicendi
813 1977 943 2038 maxime
965 1977 1115 2048 recedunt,
1136 1975 1215 2057 quod
1237 1974 1291 2049 illi,
1323 1975 1427 2054 irupvi-
1521 1967 1523 1971 ’

175 2073 231 2135 mis
255 2073 370 2148 Cicero,
394 2095 512 2156 semper
533 2078 711 2158 adjectivum
734 2077 924 2140 substantivo
947 2066 1202 2161 apposuerunt⁵).
1234 2074 1327 2156 Apud
1350 2072 1428 2141 Sue·

122 2185 125 2189 ’
176 2174 288 2236 tonium
324 2174 446 2253 hujusce
478 2179 596 2257 generis
629 2179 832 2260 appositiones
862 2197 938 2240 rarae
959 2187 1040 2241 sunt.
1083 2178 1140 2240 list
1162 2187 1262 2239 tamen
1286 2176 1351 2240 Oai.
1377 2174 1428 2238 16:

178 2275 330 2338 decretum
363 2284 409 2338 est
440 2286 474 2340 ut
496 2279 570 2353 dies,
602 2298 660 2361 quo
682 2279 809 2361 cepisset
830 2279 997 2360 imperium,
1024 2278 1135 2343 Parilia
1157 2286 1324 2395 vocaretur,
1347 2277 1430 2339 velut

177 2384 382 2455 argumentum
398 2397 507 2441 rursus
529 2381 657 2443 conditae
679 2380 770 2443 urbis.

174 2541 178 2556 J
258 2476 414 2541 Postremo
448 2479 529 2543 loeus
561 2481 612 2543 ille
645 2457 683 2544 N.
706 2481 747 2544 32
768 2477 970 2553 afferetur,”
973 2499 1007 2540 ns
1023 2479 1156 2561 impune
1182 2489 1263 2542 osset
1285 2477 1427 2541 studiosis

174 2575 261 2654 J'nris’
264 2576 287 2651 ';
309 2577 428 2659 impune
453 2580 481 2642 h.
505 2580 523 2643 Ι.
545 2582 720 2645 adverbium
742 2601 819 2655 esse,
840 2582 964 2660 Drmgsr
985 2600 1014 2661 p.
1030 2575 1089 2643 170
1102 2587 1200 2662 putat,
1222 2588 1358 2642 nentrum
1373 2579 1428 2642 ad-

170 2676 276 2756 jectivi
299 2661 430 2759 impunis
451 2680 514 2745 Bc.

704 2863 900 2875 ——nu-—nn-

688 3176 737 3259 lis
760 3177 920 3271 casibus.

629 3362 690 3436 Dc
716 3386 781 3436 osu
806 3363 996 3437 accusativi.

259 3536 421 3601 Suetonius
444 3549 477 3600 nt
498 3540 602 3621 optimi
624 3510 784 3622 scriptores
792 3540 822 3623 ⁰)
845 3548 877 3603 et
896 3539 1059 3622 saepissime
1081 3549 1176 3623 poetas
1198 3539 1347 3603 nonnullis
1361 3561 1428 3606 vev-

178 3636 224 3699 bis
255 3657 321 3718 quae
354 3639 524 3722 plerumque
557 3641 752 3704 intransitive<
770 3650 962 3722 usurpantur,
996 3641 1185 3705 transitivam
1208 3641 1266 3703 vim
1290 3642 1430 3724 adjunxit

178 3766 375 3781 Ἣ

226 3837 244 3909 ¹)
267 3839 397 3897 Kiihnast
420 3859 448 3912 p.
473 3843 511 3897 60
535 3861 587 3913 sq„
612 3843 727 3914 Madvig
750 3844 820 3900 215.
842 3860 870 3908 a,
892 3842 1005 3915 Drmger
1027 3842 1061 3899 H.
1085 3841 1112 3897 8.
1135 3861 1164 3916 p.
1192 3843 1248 3898 147
1273 3861 1315 3915 sq.

221 3919 246 3995 ²)
270 3926 352 3998 Cujus
379 3929 487 4000 generis
521 3931 650 4001 exempla
672 3948 687 3986 a
709 3930 834 3986 Oicerore
856 3932 969 4000 sumpta
990 3930 1106 3987 Kiihner
1127 3931 1164 3986 sd
1186 3930 1265 3987 Tunc.
1291 3932 1320 3986 3.
1346 3932 1374 3986 4.
1400 3933 1428 3986 7.

176 4013 299 4086 collegi.

221 4095 246 4167 ³)
269 4099 362 4156 Madv.
388 4103 436 4156 31.
458 4120 533 4157 anm.

224 4181 248 4256 ⁴)
272 4186 353 4241 Ovid.
377 4187 451 4244 Fast
479 4189 505 4243 l.
530 4190 601 4244 698.
648 4190 722 4246 Dicit
709 4193 757 4246 tur
778 4189 873 4247 eodem
896 4191 978 4248 modo
1000 4207 1055 4262 quo
1081 4191 1159 4245 oanis
1180 4150 1306 4254 neuster,
1334 4162 1430 4247 isurus

180 4274 309 4336 bellator,
330 4273 465 4343 juvencus
482 4278 660 4359 pugnetur

223 4355 247 4428 Ι7)
270 4359 315 4413 Cir
338 4360 483 4416 liutmun
472 4362 585 4418 Mulier
618 4381 645 4432 p.
673 4365 730 4418 172
755 4382 830 4419 snm.
856 4365 885 4428 4,
919 4363 1013 4421 Madv.
1038 4358 1099 4421 220
1123 4379 1198 4438 snm.
1222 4363 1250 4416 3.
1295 4313 1431 4433 &simplo

176 4445 353 4502 eOiceronis
386 4445 465 4502 libris
498 4437 618 4521 reperies
650 4451 725 4521 apud
747 4451 840 4507 Madv.
865 4450 924 4507 uin.
951 4454 979 4507 2.
1004 4453 1053 4508 23.
1080 4451 1130 4514 75,
1158 4430 1272 4506 Kiihuer
1293 4448 1374 4508 tusc
1401 4451 1427 4507 1.

179 4535 228 4588 43.
257 4534 333 4597 102;
355 4533 491 4590 eTscito
513 4535 649 4614 Nipperd.
677 4538 702 4592 1.
727 4540 775 4595 27.

221 4612 247 4688 ⁶)
270 4619 365 4676 Madv.
387 4619 514 4694 Spraohl.
538 4623 609 4678 223.
633 4642 658 4679 o.
