3308 5182
248 411 270 478 4

206 609 270 653 rum
304 598 419 652 naturas
451 590 480 651 iu
510 588 593 651 libris
617 588 680 668 ejus
702 588 802 651 inesse
824 588 971 662 videatur,
1003 590 1082 670 quod
1104 589 1181 651 idam
1204 589 1262 651 dici
1284 590 1337 651 vix
1359 599 1462 671 potest

205 688 335 771 quam's
360 689 496 779 Suetonii
522 689 687 753 elocutione
709 676 880 751 abhorreat.
923 689 1096 771 Numquam
1119 690 1196 751 enim
1220 690 1333 753 iumine
1355 700 1386 752 ct
1408 710 1459 753 or-

205 801 348 854 nsmenta
369 791 527 853 verborum
550 798 727 871 aucupatur,
749 809 816 852 raro
838 791 930 852 verba
952 792 1095 853 audacius
1116 793 1272 864 transfert,
1292 811 1411 873 semper
1422 792 1461 854 ab

205 884 362 955 elaborata
384 891 436 954 ills
458 892 660 955 concinnitate
683 891 836 964 abhorret,
858 898 951 971 neque
965 892 1002 953 'id
1025 892 1143 965 mirum,
1164 891 1189 953 si
1212 893 1330 973 quidem
1353 912 1458 955 cense-

205 992 258 1055 bat
290 987 378 1056 nuliis
411 993 529 1054 omniuo
563 991 725 1054 virtutibus
754 991 916 1054 orationem
940 991 1033 1072 magis
1056 992 1256 1054 commendari
1279 1012 1367 1073 quam
1390 1012 1459 1074 per-

204 1087 365 1175 spicuitate
399 1104 430 1156 et
461 1093 663 1174 simplicitate.
707 1093 812 1174 Neque
845 1111 916 1154 vero
939 1112 996 1155 non
1021 1113 1068 1155 res
1092 1094 1222 1155 breviter
1235 1092 1276 1177 ¹),
1296 1107 1459 1167 ,accurata

204 1195 338 1258 dilucide·
367 1194 516 1274 exposuit.
560 1190 679 1263 Quibus
716 1214 753 1255 ex
787 1192 874 1255 rebus
898 1194 1132 1257 luculentissime
1154 1204 1281 1275 apparet
1303 1215 1397 1275 neque
1419 1195 1458 1257 ad

203 1295 283 1359 Livii
306 1288 558 1375 magnificentiam
577 1305 607 1356 et
629 1295 745 1375 copiam
769 1294 951 1368 ascendisse,
972 1315 1065 1376 neque
1088 1295 1230 1357 varietati
1252 1306 1283 1357 et
1305 1295 1458 1374 majestati

203 1382 315 1461 Taciti
331 1395 488 1461 studuisse.
517 1397 654 1458 ¹Etenim
688 1415 777 1477 quum
810 1395 859 1457 ille
892 1415 1008 1458 summa
1029 1396 1177 1477 elegantia
1202 1397 1405 1477 varietateqne
1427 1397 1456 1460 in

158 1497 159 1502 ’
203 1497 425 1561 conformandis
447 1496 760 1578 comprehensionibus
783 1497 942 1559 verborum
965 1506 1107 1570 uteretur,
1129 1497 1178 1559 hic
1200 1517 1269 1559 vero
1291 1497 1457 1560 incredibili

202 1598 332 1682 quadarn
365 1596 509 1663 orationis
541 1598 688 1660 brevitate
727 1597 848 1660 mirifice
880 1598 1091 1670 delectaretur,
1129 1597 1294 1662 Suetonius
1327 1598 1455 1661 mediam

202 1694 352 1781 quludam
385 1697 463 1760 inter
485 1709 642 1779 utrumque
664 1699 742 1770 viam
766 1698 898 1760 tenuisse
919 1698 1046 1760 videtur.
1090 1698 1197 1780 Neque
1219 1699 1456 1762 tamenSuato-

202 1800 271 1861 nius·
286 1799 330 1860 in
364 1797 465 1860 verbis
498 1799 614 1861 ambitu
646 1798 856 1861 concludendis
890 1798 1069 1879 precipuum
1092 1818 1192 1861 curam
1215 1800 1456 1881 diligentiamque

202 1893 260 1981 uota
278 1897 435 1975 adhibuit3
458 1899 542 1962 velut
564 1900 599 1962 Τ.
614 1898 665 1963 62.
698 1897 795 1969 Quem
819 1916 885 1960 corn
909 1899 1020 1961 morbo.
1034 1909 1065 1961 et
1086 1899 1321 1981 intemperantia
1343 1902 1456 1981 perisse

201 1999 388 2062 existimaret
400 1996 431 2083 ²)
454 2008 512 2062 cat.
556 1999 659 2081 Atque
691 1999 782 2062 etiam
813 2000 946 2062 brevitas
969 2001 1105 2081 quaedam
1129 2000 1158 2062 in
1181 2001 1300 2082 scriptis
1322 2001 1386 2080 ejus
1408 2002 1455 2063 in·

87 2108 89 2112 ’
186 2100 318 2164 tardum
341 2100 422 2162 cerui
443 2100 523 2173 licet,
545 2118 603 2163 uon
626 2100 679 2163 illa
700 2100 827 2181 quidem,
849 2121 915 2182 quse
937 2102 1064 2163 fractam
1087 2101 1307 2182 quodammodo
1329 2113 1455 2169 etron-

200 2201 293 2265 cisam
317 2201 407 2265 elficit
429 2201 605 2275 orationem,
625 2202 677 2264 sed
700 2222 746 2278 ea,
768 2220 834 2283 quae
855 2202 917 2264 suis
933 2201 1012 2263 ,locis
1027 2201 1181 2276 adbibita,
1214 2203 1274 2265 vim
1301 2213 1333 2265 et
1353 2203 1452 2284 gravi·

86 2368 90 2375 .
200 2303 294 2365 ta'tem
318 2302 447 2367 orationi
468 2302 564 2365 addit.
607 2302 671 2365 Nec
694 2322 763 2365 vero
787 2302 891 2364 dubito
913 2303 995 2384 quin,
1023 2302 1049 2364 si
1071 2303 1137 2384 quis
1158 2304 1195 2365 de
1216 2322 1355 2367 sermone
1377 2304 1456 2367 Sue-

200 2404 275 2466 tonii
308 2404 422 2483 integra
450 2403 642 2484 judicaverit,
674 2404 763 2467 facile
787 2423 980 2466 concessurus
1000 2403 1052 2479 sit,
1085 2404 1263 2466 Suetonium
1285 2404 1315 2467 id
1338 2425 1456 2486 semper

155 2576 157 2580 μ
200 2504 304 2586 egisse,
337 2524 375 2566 ne
407 2504 467 2566 uilo
489 2513 623 2567 uteretur
645 2507 736 2567 verbo
759 2504 815 2566 uisi
838 2505 916 2587 quod
940 2504 979 2566 ad
1002 2523 1063 2566 rem
1085 2505 1292 2567 illustranddm
1316 2506 1453 2568 idoneum

199 2615 288 2677 esset,
322 2618 448 2687 eumque
469 2626 488 2667 a
510 2616 662 2686 troporum
685 2606 888 2680 multitudiue,
921 2625 940 2667 a
973 2605 1046 2666 iocis
1068 2605 1287 2680 communibus,
1316 2608 1355 2668 ab
1379 2607 1456 2669 arti-

200 2706 302 2768 ficiosa
334 2706 385 2768 iiis
418 2706 662 2787 argutiarumque
695 2708 786 2787 plena
818 2706 968 2780 oratione,
1001 2726 1061 2786 qua
1095 2706 1279 2768 laborabant
1311 2729 1372 2786 arg.
1405 2719 1454 2769 aet.

199 2808 423 2887 scripturaque
445 2807 639 2869 abstinuisse.
709 2865 711 2869 .

201 3150 204 3158 '
280 3142 415 3206 Primum
448 3142 538 3224 igitur
563 3165 601 3204 sa
624 3145 715 3206 verba
738 3165 846 3227 easque
868 3145 1025 3207 verborum
1048 3144 1281 3222 significationes
1303 3154 1332 3204 et
1354 3154 1455 3207 strue-

198 3248 282 3308 turss
305 3261 477 3325 proponam,
509 3264 574 3326 qma
596 3264 616 3307 s
639 3258 771 3308 veterum
800 3246 1016 3309 consuetudine
1043 3245 1143 3308 aliena
1170 3255 1250 3307 sunt.
1294 3245 1369 3307 flac
1392 3247 1454 3307 fere

198 3357 284 3409 sunt:
318 3336 483 3409 Abdicare'
506 3346 632 3426 aliquem
650 3345 715 3430 '(=
737 3346 857 3430 ejicere)
879 3346 918 3411 A.
942 3345 991 3410 65.
1013 3347 1050 3409 T.
1075 3346 1122 3419 15,
1145 3346 1255 3427 aliquid
1278 3344 1353 3407 Sall.
1375 3346 1455 3421 Ltv..

198 3467 230 3508 se
248 3440 430 3528 [magistratu
452 3447 515 3511 Cio.
538 3447 606 3509 Liv.
621 3447 650 3510 4.
667 3447 716 3510 34.
732 3446 763 3520 5,
785 3448 927 3511 abdicare
951 3448 1091 3511 absolute
1113 3448 1242 3527 positum
1265 3445 1328 3510 Cin.
1351 3446 1392 3509 N.
1415 3449 1453 3510 D.

197 3536 278 3633 24
305 3549 350 3610 11.
404 3546 525 3611 Abesse.
569 3548 727 3617 Minimum
761 3550 851 3611 abest
873 3549 942 3631 quin
965 3549 1005 3612 A.
1032 3548 1077 3610 14.
1111 3546 1256 3610 Veteres:
1286 3546 1370 3624 nihil,
1394 3568 1452 3611 nou

197 3634 324 3731 multum
357 3649 445 3710 abest
477 3639 558 3731 quin.
611 3646 827 3733 Athama)
861 3670 927 3712 cum
951 3669 1014 3712 acc.
1034 3650 1130 3729 janot.
1153 3647 1193 3710 A.
1217 3647 1267 3711 83.
1302 3647 1403 3712 Galba
1423 3649 1453 3712 4.

197 3747 263 3812 Vit.
288 3748 336 3820 10,
367 3748 445 3812 ota:
468 3766 488 3811 a
509 3769 549 3821 re,
582 3749 625 3811 ita
646 3749 686 3813 N.
708 3750 759 3813 43.
783 3750 872 3813 Dom.
894 3748 926 3824 9,
958 3748 1200 3830 impersonaliter
1228 3749 1357 3830 positum
1387 3749 1454 3813 Tib.

196 3832 332 3935 onon.
359 3850 406 3912 12.
428 3851 569 3914 abhorret
591 3871 609 3912 a
632 3870 711 3925 vern,
733 3872 752 3913 a
774 3851 912 3913 veritate.
956 3847 1086 3935 Abs'pere
1103 3866 1225 3912 uxorem
1248 3850 1315 3912 Tib.
1328 3845 1363 3926 '7;
1385 3848 1452 3912 Ab·

195 3946 323 4035 liptlrire
345 3948 399 4012 Gr.
421 3951 472 4014 23.
495 3951 618 4014 Terent.
641 3951 734 4033 Apul.
779 3949 927 4014 Ablooore
950 3952 1014 4014 Vir.
1036 3945 1064 4015 7.
1108 3948 1249 4035 Abnepos
1270 3951 1338 4013 Tib.
1356 3952 1385 4015 3.
1407 3952 1453 4015 Ol.

194 4050 246 4115 24:
269 4050 397 4115 Seneca.
420 4050 486 4126 Dip.
541 4049 687 4135 Abaepts's
718 4052 758 4116 N.
781 4052 831 4115 35.
854 4053 926 4134 ¹Dig.
981 4033 1122 4115 Abluere
1156 4050 1204 4135 (=
1230 4051 1353 4135 regare)
1386 4072 1452 4114 curu

196 4171 259 4215 acc.
292 4161 323 4213 et
354 4151 525 4233 iu1.junot.
547 4151 581 4213 Ο.
607 4151 655 4215 19.
687 4153 756 4215 Liv.
779 4154 829 4215 21.
855 4154 901 4215 12.
955 4152 1094 4228 Abolcre,
1127 4171 1186 4215 vox
1217 4152 1362 4215 Suetonio
1384 4153 1453 4215 Liv.

68 4270 76 4287 ·
175 4252 267 4339 Seu.
290 4252 363 4316 Tac.
385 4252 511 4327 usitata,
533 4251 611 4315 Oia:
634 4252 744 4328 delere,
771 4255 885 4316 tollere.
929 4253 1061 4318 Abolitio
1083 4253 1158 4333 legis
1179 4282 1212 4305 =
1234 4254 1391 4335 abrogatio
1413 4256 1453 4317 A.

203 4444 207 4521 J
244 4454 271 4524 1)
294 4453 439 4518 ’‘‚Snstonio
459 4451 600 4509 femiliare
621 4453 676 4510 fuit
698 4471 793 4511 amate
816 4451 997 4512 brevitatem‘’
1019 4456 1131 4525 Vopisc.
1154 4454 1239 4511 Firm.
1266 4457 1291 4512 1.

201 4532 264 4617 χ’)
285 4540 333 4597 Cir
355 4544 490 4612 praterea
511 4538 570 4596 Cal.
595 4541 624 4596 4.
649 4542 700 4607 46,
725 4541 800 4598 Nero
826 4542 875 4608 la,
900 4543 950 4608 25,
974 4542 1026 4607 42,
1047 4541 1106 4598 vit.
1135 4542 1170 4596 lt
1196 4545 1249 4598 cet.

15 4624 38 4713 ,’
106 4622 111 4635 ‘
187 4626 190 4631 ’
221 4616 264 4707 ζ’)
285 4627 333 4684 (lfa
354 4626 566 4705 Reisig-Haase
588 4644 617 4696 p.
642 4628 714 4696 696,
738 4630 850 4702 Drrager
872 4629 934 4686 Lat.
957 4627 1075 4700 syntax.
1098 4646 1127 4699 p.
1153 4629 1224 4685 332.
