3308 5182
280 443 340 506 106

235 620 404 690 lustinum,
427 617 555 680 Florum
568 611 625 702 1),
627 609 811 700 Livium²))
838 616 884 689 fit,
912 622 949 678 ut
970 633 1029 697 pro
1050 614 1199 694 primario
1220 615 1494 680 sententiaeuuu-

237 720 377 797 tiationis
401 717 621 781 conditionalis
644 718 840 802 participium
864 718 922 778 lut.
947 715 1043 779 activi
1056 707 1085 800 )
1106 715 1289 792 adhibeant
1311 717 1392 798 apud
1411 717 1496 782 Sue·
1499 776 1510 783 ,,

236 821 353 882 tontum
379 839 450 881 raro
473 820 519 881 tit.
563 819 627 882 Tit.
654 821 701 882 10:
722 819 808 882 hand
831 825 995 897 negatura,
1017 816 1045 879 si
1068 836 1131 900 qua
1154 816 1276 880 omnino
1300 817 1496 894 fuisset31m-

239 940 288 982 rno
312 922 404 982 etiarn
427 919 603 1000 gloriatura
625 921 708 1002 quod
731 955 771 965 —
784 956 822 965 -
845 918 881 983 Ο.
904 918 945 980 30
968 916 1052 982 bello
1075 917 1348 993 'uindicaturus'
1323 937 1349 980 sr
1365 925 1404 964 ’-
1417 939 1495 982 cou-

240 1023 384 1082 stitutum
418 1028 513 1094 esset,
534 1020 572 1083 Τ.
596 1020 638 1085 62
659 1021 720 1084 uisi
744 1039 828 1085 mors
850 1019 1066 1102 messuisset,
1088 1019 1191 1100 plures
1214 1019 1377 1101 aliquanto
1400 1039 1495 1082 neca-

237 1131 326 1184 turus
349 1120 488 1184 creditur
503 1114 583 1206 (pro
607 1143 637 1185 n.
660 1122 786 1204 fuisse).
830 1119 1036 1201 Participium
1060 1111 1234 1203 perlecti4)
1251 1119 1418 1183 verborum
1437 1120 1494 1183 de-

237 1221 418 1302 ponentium
453 1222 607 1285 interdnm
630 1223 662 1284 vi
689 1221 819 1304 passiva
841 1221 1012 1285 Suetonius
1035 1220 1213 1301 usurpavit,
1235 1221 1322 1283 velut
1343 1228 1493 1303 expertus

237 1320 346 1384 (144.
372 1324 407 1384 Τ.
433 1320 480 1384 19.
516 1323 615 1405 Vssp.
645 1323 675 1396 4,
697 1323 934 1404 expertissimus
956 1323 992 1384 Τ.
1019 1321 1066 1394 19,
1087 1321 1224 1401 partitus
1244 1320 1286 1384 A.
1314 1321 1361 1394 13,
1383 1321 1494 1384 modu·

238 1424 321 1484 latus
355 1424 395 1484 A.
422 1417 481 1483 57.
508 1424 547 1485 N.
575 1424 625 1496 20,
647 1424 697 1499 42,
720 1424 888 1487 meditatus
910 1423 951 1486 A.
974 1421 1027 1497 84,
1049 1421 1183 1503 adeptus
1206 1423 1243 1484 Τ.
1267 1421 1317 1497 38,
1339 1421 1494 1504 interpro-

239 1508 324 1586 tatus
348 1525 388 1587 N.
415 1525 462 1599 13,
486 1525 635 1588 mentitus
658 1525 744 1589 Otho
766 1515 836 1608 3⁵),

683 1856 747 1930 Do
765 1857 1096 1954 pronominibus

323 2044 534 2130 Quicunque⁶
535 2056 549 2132 l
573 2048 656 2129 apud
683 2045 830 2129 optimos
841 2052 1023 2133 scriptores,
1046 2027 1252 2154 prmtsrquam
1276 2053 1305 2114 in
1328 2053 1494 2116 locutioni-

239 2153 292 2213 bus
326 2151 427 2213 illis·
430 2151 621 2232 quocunque
650 2149 753 2223 modu,
786 2172 970 2235 quacunque
1004 2142 1147 2214 ratione'’
1178 2170 1303 2234 semper
1325 2152 1494 2218 relativam

238 2253 298 2312 viru
324 2253 429 2313 habet.
474 2249 680 2319 Posteriores
696 2271 770 2315 vero
794 2254 965 2334 scriptores
988 2259 1147 2333 praecunte
1170 2251 1263 2314 Livio
1275 2245 1318 2342 ⁷)
1325 2255 1454 2317 etiarn
1446 2277 1495 2318 ru·

238 2354 395 2417 definitam
420 2353 482 2414 vim
506 2353 579 2416 huic
600 2352 671 2413 voci
694 2353 905 2433 subjecerunt,
928 2354 1016 2416 velut
1037 2351 1126 2416 (166
1149 2372 1330 2441 quocunque
1354 2356 1494 2418 veutoin

238 2473 437 2534 quascunque
472 2462 575 2516 terras
610 2451 730 2531 jubebo
759 2454 864 2530 avehi,
886 2455 927 2518 A.
951 2453 993 2517 66
1015 2454 1120 2533 legata
1142 2475 1160 2514 a
1183 2454 1417 2538 quibuscunque
1440 2478 1496 2539 pc-

240 2555 380 2616 ren'tibus
410 2547 559 2638 relicta⁸)
592 2553 661 2614 sibi.
706 2553 754 2616 Cl.
788 2559 818 2617 2.
854 2544 923 2620 Vit.
960 2556 1008 2617 10.
1033 2554 1081 2629 14,
1114 2553 1184 2617 Gal.
1208 2555 1258 2629 38,
1280 2557 1331 2618 32.
1373 2557 1496 2621 ‘Forma

237 2648 430 2740 ''nemine''⁹)
461 2674 518 2735 pro
541 2653 626 2718 nullo
654 2672 725 2717 raro
747 2656 780 2719 in
804 2657 932 2739 scriptis
954 2655 1207 2737 praestantiorum
1231 2656 1421 2739 scriptorum
1445 2660 1496 2723 iu·

239 2757 372 2831 venitur,
396 2777 496 2838 neque
520 2774 668 2838 umquam
692 2767 846 2840 sequente
868 2757 1035 2840 participio
1058 2757 1207 2838 praesenti
1220 2750 1270 2841 ¹⁰).
1305 2759 1400 2839 Apud
1414 2751 1496 2824 Sue-

237 2857 355 2919 tonium
393 2878 467 2921 vero
503 2857 618 2938 legitur
649 2851 686 2919 Τ.
715 2860 761 2920 12:
785 2860 907 2922 nominc
929 2860 1082 2922 tendente
1105 2871 1260 2940 quoquam
1277 2853 1316 2944 ¹¹)
1339 2861 1414 2943 quin
1439 2862 1496 2924 de-

236 2967 376 3020 uerteret
407 2960 564 3022 Rhodum.
616 2957 762 3022 Ablativi
795 2961 898 3024 torma
930 2978 1085 3044 quoquam
1118 2958 1277 3024 nonnullis
1298 2959 1389 3025 locis
1412 2965 1495 3045 apud

281 3178 307 3248 ¹)
330 3179 441 3250 Draeger
463 3179 535 3236 Hist.
558 3179 583 3235 S.
607 3200 634 3252 p.
661 3185 730 3239 166.

281 3265 307 3339 ²)
329 3266 466 3324 Kiihnast.
489 3287 514 3339 p.
540 3269 610 3324 267.

280 3354 306 3430 ³)
330 3353 421 3409 Madv.
445 3355 514 3410 424.
539 3356 555 3409 5
580 3350 667 3429 (fin).

253 3438 308 3517 ·⁴)
331 3440 423 3496 Mauv.
449 3441 517 3496 153.

280 3524 308 3602 ⁸)
332 3526 378 3581 cfr
400 3528 492 3582 Bremi
515 3528 550 3582 ad
573 3520 603 3582 Os
625 3529 676 3594 443
699 3528 835 3585 Kiihnast.
862 3530 933 3588 270.

280 3609 308 3686 ⁶)
333 3615 373 3669 De
399 3632 450 3669 usu
471 3614 553 3686 hujus
575 3616 746 3685 pronominis
768 3615 831 3672 vide
853 3616 946 3673 Madv.
968 3617 1083 3673 Excurs.
1105 3615 1142 3672 ad
1163 3615 1223 3673 rin.
1245 3635 1272 3688 p.
1296 3619 1366 3675 834.

282 3693 310 3770 7ι
336 3701 473 3756 suusne.
497 3719 523 3771 p.
547 3703 595 3757 rs.

281 3779 309 3858 ⁸)
332 3787 529 3859 Dignissimnm
562 3788 637 3860 quod
669 3789 828 3858 proferatur
860 3790 1021 3846 exemplum
1053 3790 1107 3845 hoo
1136 3791 1190 3844 est:
1213 3788 1245 3844 A.
1270 3789 1307 3844 76
1332 3808 1499 3862 quocunque

235 3872 309 4032 locp)
319 3891 374 3944 quo
396 3874 584 3931 desiderasset.

332 3961 423 4017 Madv.
447 3963 496 4017 95.
519 3965 546 4018 5.

269 4047 308 4123 ¹⁰)
331 4049 468 4104 R.·Haase
490 4068 515 4120 p.
541 4045 611 4105 348.

269 4136 306 4205 l¹)
330 4137 457 4192 Formam
480 4126 620 4206 quoquam
642 4139 727 4208 putat
749 4138 861 4211 Drsegcr
884 4136 954 4191 llist.
976 4135 1001 4189 S.
1024 4155 1050 4207 p.
1066 4135 1106 4189 82
1129 4152 1360 4206 csseprouomcn
1381 4141 1411 4194 at
1433 4156 1497 4193 oum

237 4239 303 4277 voce
335 4224 443 4278 nemine
477 4224 507 4277 in
530 4241 616 4279 tunam
639 4224 773 4280 coaluisse
795 4223 951 4286 notionem
973 4222 1003 4278 id
1025 4222 1099 4292 quod
1121 4222 1235 4299 minime
1257 4225 1327 4281 mihi
1349 4225 1493 4297 probatur.

238 4309 344 4364 Etenim
379 4310 427 4380 qui
460 4311 572 4366 attento
598 4312 691 4368 animo
713 4313 789 4366 hunc
810 4312 902 4367 locum
923 4309 1145 4381 perlustraverit,
1169 4310 1193 4364 ci
1217 4311 1351 4388 facillime
1373 4329 1491 4384 apparo·

236 4396 287 4460 bit,
312 4415 407 4452 voocm
429 4415 570 4467 quoquam
592 4416 649 4454 csse
671 4399 851 4463 adverbium
882 4401 982 4452 contra
1002 4400 1078 4453 recte
1101 4395 1184 4452 affort
1205 4398 1298 4455 locum
1319 4399 1377 4455 Gal.
1402 4400 1420 4454 3
1444 4418 1492 4465 na·
1608 4402 1614 4413 ‘

235 4483 303 4538 mini
337 4485 474 4554 cuiquam.
520 4481 623 4542 ”Nemo
652 4482 812 4558 qnisqnarn'‘
841 4485 928 4541 otiam
957 4483 1032 4558 apud
1058 4483 1190 4542 Plautum
1223 4487 1258 4548 ot
1274 4485 1383 4543 Terent.
1407 4485 1484 4544 iuro·

235 4570 318 4625 nitur¹
