3308 5182
225 392 278 457 :44

194 568 306 632 ducere
328 568 369 631 ad
392 568 591 650 dignitatem,
603 569 687 634 Otho
712 570 725 632 1
751 569 784 632 iu
808 568 995 650 ampliorem
1020 568 1146 650 gradum
1161 564 1333 648 ‘promotus
1350 564 1448 648 Veep.

197 669 245 735 16.
281 669 404 734 Plinius
438 670 555 735 Minor.
590 672 679 736 (lurt.
729 668 851 733 Pronus
880 669 985 749 jungit
1017 667 1145 732 Sueton.
1180 668 1447 749 sepissime-cun

167 806 172 816 ·
195 770 418 853 praepositioue
452 765 524 834 ”ed”
546 773 596 836 val
618 766 693 847 ”iu”‚
717 772 835 834 duobus
857 768 975 854 tocie1)
997 778 1160 852 poetarum
1184 788 1300 832 morem
1317 777 1451 832 secutur

200 879 258 935 est.
302 869 444 956 Propitic
476 893 532 955 pro
564 867 750 955 ”propitium
778 872 920 946 reddere,
941 865 1085 953 placare”
1107 870 1145 935 0.
1169 865 1189 932 7
1212 890 1330 944 manes,
1351 863 1451 953 Vesp.

193 969 224 1035 7.
257 973 465 1037 Posteriores.
510 972 689 1059 Proprietas
722 974 804 1055 apud
829 973 1012 1037 Ciceronem
1036 971 1191 1052 significet
1212 972 1244 1034 id
1268 973 1351 1054 quod
1374 990 1451 1053 pro·

197 1073 299 1162 prium
329 1074 462 1154 alicujus
497 1074 541 1137 rei
572 1083 631 1149 est,
665 1074 749 1156 apud
787 1074 970 1138 Suetonium
1006 1067 1453 1157 (Galba71eigniticatd02

195 1174 327 1238 minium
363 1211 403 1220 -
436 1195 528 1257 quum
561 1177 598 1238 de
621 1175 818 1258 proprietate
838 1175 973 1255 jumenti
996 1181 1196 1256 quereretur.
1230 1174 1347 1237 Justin.
1375 1173 1448 1254 Dig.

196 1273 401 1360 Propcpncre
423 1285 575 1359 sequente
596 1297 663 1357 acc.
686 1278 722 1340 G.
746 1278 787 1339 23
810 1276 986 1339 absentiam
999 1268 1027 1359 1)
1051 1275 1186 1357 Optimi:
1209 1294 1267 1356 pro
1291 1295 1334 1338 re.
1367 1273 1450 1337 Pro·

195 1376 379 1460 reperelll.
412 1377 450 1440 10
472 1379 627 1460 prorepsit
648 1379 688 1441 ad
711 1377 860 1440 solarium
883 1376 1067 1459 proximum
1082 1377 1160 1439 Hor.
1185 1377 1306 1439 Colum.
1352 1373 1454 1438 Proca

197 1477 300 1544 oratio
324 1496 379 1557 pro
403 1479 571 1545 solute'A.
594 1479 646 1541 85.
671 1479 718 1542 (ll.
746 1481 772 1540 l.
796 1479 889 1541 Dour.
913 1479 934 1541 4
956 1477 1164 1541 Posteriores.
1210 1475 1373 1561 Procopio,
1389 1496 1454 1539 vox

196 1598 215 1641 a
249 1577 401 1641 Cicerone
416 1636 418 1641 .
435 1589 470 1642 ut
491 1574 615 1664 lvetusl'
638 1581 767 1660 rejecta,
790 1599 809 1641 a
832 1578 1032 1650 Quintiliano
1056 1587 1090 1641 ut
1106 1572 1276 1652 ”insulsa’l
1298 1598 1359 1640 uuo
1383 1579 1453 1641 luco

198 1679 555 1762 (Gelba21estapud
578 1681 666 1743 Suet.
696 1701 753 1762 pro
777 1700 898 1762 genere,
921 1680 1079 1762 progenie.
1104 1677 1209 1742 Galba
1231 1681 1262 1741 2.
1286 1686 1456 1760 magnast

197 1787 303 1842 vetere
335 1782 485 1862 prosapia
507 1782 586 1847 Sall.
619 1783 692 1863 Jug.
722 1781 846 1845 85.110.
871 1781 988 1844 lustin.
1013 1780 1109 1861 Apul.
1154 1780 1365 1854 proscindere,
1387 1798 1452 1842 vox

164 1891 165 1895 ’
198 1880 382 1952 rusticorum
416 1883 555 1964 proprio,¹
589 1884 702 1945 transl.
736 1883 969 1964 significatione
1003 1882 1043 1944 A.
1069 1881 1107 1942 13
1130 1882 1284 1953 convicio,
1309 1880 1377 1944 (lul.
1404 1882 1455 1956 30,

191 1982 316 2047 Lucan.
351 1984 405 2064 ap.
436 1983 690 2049 Sueten-Ovid.
715 1985 788 2046 Val.
812 1986 898 2046 Max.
923 1983 1008 2046 Plin.
1034 1983 1145 2062 major.
1193 1982 1368 2057 Prosocero,
1391 2001 1456 2045 vox

196 2082 439 2147 sacrificantium
466 2084 611 2166 propria,
644 2085 685 2148 A.
707 2087 738 2147 21
773 2085 948 2148 semicruda
976 2093 1052 2146 exte
1075 2093 1166 2164 rapte
1190 2084 1261 2146 loco
1284 2083 1455 2164 prosecuit,

198 2183 270 2246 Liv.
293 2184 324 2246 b.
348 2186 399 2247 21.
425 2185 516 2248 Cato.
541 2185 685 2261 Plautus,
708 2187 789 2250 uude
812 2195 920 2266 partes
944 2185 1077 2248 victimae
1100 2204 1168 2266 quae
1190 2185 1220 2246 iu
1244 2204 1331 2247 aram
1355 2185 1456 2265 impo-

119 2338 122 2345 .
201 2285 365 2358 rebantur,
399 2287 543 2367 prosicias
577 2287 626 2352 vel
660 2294 813 2368 prosecta
843 2287 1039 2349 dicebantur.
1084 2278 1270 2367 Prostcrc³)
1293 2285 1331 2347 de
1355 2304 1458 2348 mere·

92 2386 116 2405 ⁸
199 2385 330 2449 tricibus·
361 2406 427 2468 quae
461 2395 597 2470 quaestus
632 2408 726 2452 cauea
759 2389 885 2450 stabant
914 2398 989 2450 aute
1013 2387 1147 2467 lupanar
1168 2389 1205 2450 T.
1228 2387 1279 2448 43.
1304 2386 1460 2450 Similiter

199 2484 391 2555 Prostitueec
418 2489 605 2569 pudicitiam
639 2491 679 2553 N.
715 2490 756 2552 29
779 2498 810 2552 et
838 2489 1011 2570 prostituta
1034 2487 1102 2551 Oel.
1126 2487 1177 2550 36.
1201 2487 1242 2550 40
1258 2490 1313 2569 ·(=
1335 2488 1458 2551 venalis

198 2586 374 2673 pudicitiae)
397 2598 429 2653 et
450 2592 559 2653 eadem
578 2591 812 2672 significatione
834 2591 1005 2677 insolenter
1041 2587 1238 2651 Prorteraere
1260 2589 1315 2673 (de
1327 2585 1456 2674 stupro)

200 2688 335 2770 positum
360 2699 409 2752 est
431 2690 466 2754 G.
491 2694 520 2753 2.
544 2693 581 2754 Τ.
605 2692 646 2754 35
669 2699 837 2773 prostratae
860 2692 1032 2773 pudicitia,
1057 2689 1125 2752 (lul.
1150 2690 1202 2751 24.
1225 2691 1379 2754 lustinus.
1407 2690 1456 2753 12.

196 2785 315 2854 ,7.11.
361 2789 545 2877 Pentrolrerc
577 2793 747 2855 convicium
782 2793 813 2855 in
836 2793 969 2874 primaru
993 2792 1091 2854 luceru
1117 2791 1152 2853 G.
1176 2790 1218 2853 02
1240 2812 1331 2873 saepe.
1355 2782 1460 2853 'Pro-

201 2891 309 2961 cenira
344 2912 409 2973 quae
442 2912 504 2956 vox
524 2893 660 2975 proprie
683 2894 721 2956 de
745 2894 885 2975 frugibus
908 2893 1032 2967 dicitur,
1054 2892 1136 2972 apud
1159 2894 1302 2956 Tacitum
1325 2901 1357 2955 et
1379 2892 1460 2957 Sue·-

196 2998 267 3062 ¹tou.
303 2991 379 3077 (uno
404 2994 471 3056 lcoo
496 2994 594 3075 Vesp.
618 2994 653 3078 5)
677 3015 732 3074 per
754 2995 997 3058 translationem
1019 2995 1040 3055 i.
1064 3013 1090 3054 s.
1115 2995 1346 3075 q.·succedere,
1369 3013 1461 3074 pros·

202 3111 277 3173 pere
311 3093 421 3157 cedere
444 3095 547 3158 simil.
574 3096 782 3179 -quicquid
815 3097 969 3178 cogitaret
990 3096 1197 3176 volveretque
1220 3096 1324 3158 arrimo
1352 3115 1461 3178 quani-

201 3193 279 3255 libet
301 3212 443 3274 magnum
467 3196 499 3260 id
523 3217 591 3261 esse
620 3206 843 3279 proventurum
874 3197 988 3278 (graece
1014 3194 1219 3278 προχωρεῖν),
1242 3198 1282 3258 ad
1305 3197 1387 3259 alias
1410 3215 1461 3258 res

204 3295 390 3359 translatum
425 3306 473 3358 cst
500 3299 540 3361 A.
576 3297 617 3361 94
650 3307 805 3361 ostentum
840 3300 994 3379 provenit,
1018 3296 1125 3360 Galba
1150 3299 1160 3359 l
1189 3306 1278 3360 tanta
1300 3290 1457 3379 pullorum

205 3396 328 3458 suboles
350 3399 517 3478 provenit.
549 3400 601 3463 Ita
623 3399 723 3461 variis
748 3399 850 3462 modis
874 3408 976 3481 poctae
999 3409 1030 3462 et
1051 3399 1244 3480 posteriores
1260 3394 1299 3460 lh.
1325 3418 1399 3460 voce
1428 3420 1464 3462 u·

205 3503 325 3559 tuetur.
371 3493 729 3585 Protectorepropria4)
761 3501 793 3563 vi
827 3501 963 3582 positum
987 3509 1035 3564 est
1057 3500 1104 3563 Cl.
1133 3500 1170 3562 16
1192 3500 1277 3562 uberi
1299 3499 1462 3563 vinearum

180 3605 369 3677 'proventu3
403 3600 532 3664 Seneca.
577 3599 746 3664 Prooidcrc
777 3621 835 3684 pro
869 3602 1060 3683 prospicere,
1092 3601 1200 3682 procul
1230 3599 1338 3662 videre
1360 3601 1398 3662 T.
1425 3601 1465 3661 14

205 3716 286 3760 nare
320 3700 460 3779 provisa,
490 3702 586 3765 Dum.
613 3704 661 3767 14.
698 3703 817 3784 Optimi
844 3722 966 3783 semper
986 3703 1176 3765 translatam
1203 3700 1462 3783 significationem

200 3798 274 3861 huic
306 3799 376 3862 voci
409 3804 585 3884 subjiciunt.
630 3801 804 3867 Provocerc
825 3804 997 3867 insolenter
1018 3804 1156 3885 positum
1180 3813 1227 3864 est
1249 3821 1306 3884 pro
1329 3802 1462 3864 incitare

203 3900 251 3964 (ll.
274 3900 325 3962 21.
350 3902 418 3965 Gal.
443 3901 483 3968 27
515 3906 556 3969 ed
580 3905 786 3968 bilaritatem.
809 3904 932 3969 Plinius
953 3905 1066 3968 minor.
1112 3902 1303 3986 Pronclporc
1325 3903 1463 3984 scripto·

201 4020 251 4064 res
285 4009 359 4082 post
392 4002 570 4087 Augustum
604 4013 795 4089 usurparunt
828 4007 868 4070 N.
905 4005 945 4068 36
978 4006 1226 4084 conjurationes.
1283 4002 1459 4067 Publiccre.

249 4298 332 4376 ι111.
356 4309 395 4364 40
420 4309 533 4378 pronior
566 4311 610 4364 oui
645 4311 724 4381 speie
747 4309 781 4364 G.
818 4311 866 4364 12.
911 4310 958 4365 Cir
987 4308 1127 4379 praterea
1149 4309 1262 4380 Draegcr
1284 4308 1357 4363 Hist.
1380 4275 1462 4377 Synt.

203 4413 230 4535 ,μ
248 4395 344 4549 'illlis
366 4480 579 4554 scirem-Haase
602 4503 627 4554 p.
653 4484 724 4539 696.

249 4559 274 4635 ³)
297 4568 400 4624 Eodem
423 4568 505 4624 modo
527 4572 602 4625 stare
625 4571 699 4641 apud
721 4571 820 4626 Juven.
844 4569 986 4625 invenitur
1009 4569 1087 4624 velut
1115 4567 1162 4622 10.
1188 4568 1261 4632 239;
1289 4568 1336 4621 11.
1364 4564 1434 4620 172.

252 4648 277 4723 ⁸)
300 4655 441 4713 translata
475 4655 680 4729 significatione
708 4675 759 4728 pro
781 4672 906 4713 successu
928 4657 1004 4728 apud
1026 4655 1160 4711 Gaesarem
1182 4654 1211 4708 B.
1235 4652 1268 4707 G.
1294 4656 1321 4712 7.
1345 4651 1384 4707 29
1409 4669 1468 4708 om·

207 4757 256 4797 nes
277 4742 409 4800 secundos
430 4761 523 4801 rerum
546 4747 696 4819 proventus
717 4747 887 4819 exspectare,
910 4743 971 4802 Liv.
994 4745 1044 4800 45.
1058 4744 1106 4798 41.
1129 4741 1193 4799 Plin
1226 4742 1325 4798 minor.
1348 4738 1415 4797 vau.
1428 4740 1466 4797 ut.
