3308 5182
165 1299 293 1426 Quum
316 1366 418 1413 verum
441 1347 492 1422 sit,
525 1365 620 1408 mores
648 1355 679 1408 at
698 1345 878 1409 'voluntates
904 1344 1135 1426 uniuscnjusque
1163 1347 1264 1427 populi
1285 1349 1421 1430 effingere

164 1450 307 1531 lingnam,
329 1439 393 1511 tum
416 1447 496 1510 idem
518 1447 600 1510 band
622 1447 684 1510 scio
702 1468 743 1525 [an
768 1447 921 1509 verissime
939 1447 975 1508 de
987 1446 1088 1526 lingua
1101 1446 1213 1509 Latina
1235 1448 1293 1512 dici
1315 1450 1427 1537 possit.

163 1549 285 1615 Etenim
314 1560 350 1612 nt
383 1568 479 1612 mores
502 1546 602 1630 populi
624 1549 754 1611 Romani
776 1547 807 1610 in
831 1547 894 1611 dies
923 1547 1019 1628 magis
1048 1537 1422 1628 depravabanturvolnn-

164 1636 304 1734 tatesque
338 1650 514 1714 commutari
547 1649 742 1731 incipiebant,
773 1650 818 1713 ita
850 1648 982 1730 linguam
996 1649 1113 1734 ipsam,
1146 1668 1236 1730 quum
1263 1670 1283 1712 a
1309 1652 1421 1716 rustico

162 1754 250 1817 initio
283 1753 322 1816 ad
355 1771 502 1814 summam
539 1751 725 1832 pervenisset
747 1752 972 1833 perfectionem,
1002 1748 1145 1830 paulatim
1169 1751 1307 1815 senuisse
1329 1762 1360 1815 et
1382 1755 1420 1816 nd

163 1855 319 1918 interitum
342 1853 600 1936 appropinquasse
623 1853 722 1916 videre
746 1851 825 1915 licet.
862 1849 967 1922 Quare
988 1851 1237 1933 quemadmodum
1254 1853 1301 1927 iis,
1323 1854 1348 1936 si
1371 1855 1421 1937 qui

163 1957 241 2018 forte
274 1954 403 2036 linguam
436 1954 567 2036 aliquam
600 1973 779 2036 cognoscere
813 1954 915 2028 velint,
943 1954 974 2015 in
997 1973 1033 2015 ea
1054 1953 1118 2033 ejus
1138 1953 1292 2016 literarum
1315 1975 1421 2018 monn·

164 2065 267 2119 menta
299 2055 471 2118 intrandum
507 2054 564 2118 erit
592 2064 623 2117 et
650 2042 898 2136 percensendum,
931 2074 997 2136 quae
1020 2073 1057 2115 ex
1079 2073 1115 2116 en
1135 2060 1226 2116 aetate
1249 2066 1421 2131 manarunt,

164 2176 253 2240 qunrn
287 2156 461 2237 incorrupte
493 2156 637 2218 sermonis
659 2148 819 2237 integritas
842 2155 911 2228 fuit,
934 2155 977 2218 ita
998 2153 1035 2229 is,
1067 2154 1117 2236 qui
1139 2154 1252 2216 Latine
1276 2156 1322 2219 val
1344 2157 1422 2220 scire

164 2259 239 2320 bene
261 2256 308 2319 vel
331 2267 438 2319 ornate
459 2257 589 2318 scribare
611 2256 702 2332 volet,
729 2256 920 2338 potissimum
942 2276 975 2318 se
998 2256 1036 2317 ad
1058 2255 1326 2337 eum-scriptorem
1350 2278 1422 2322 con·
1449 2246 1451 2250 ⁸

166 2368 281 2422 vertere
304 2357 426 2419 dedebit
448 2365 480 2418 et
500 2357 530 2419 in
552 2358 616 2438 ejus
638 2358 758 2439 scriptis
781 2357 906 2430 versari,
928 2357 978 2438 qui
1000 2375 1104 2418 omnes
1126 2356 1293 2438 scriptores
1304 2358 1422 2422 Roma-

165 2478 270 2520 norum
297 2466 330 2519 et
356 2458 468 2520 Latine
495 2458 621 2521 dicendo
644 2468 676 2520 et
697 2457 853 2521 scribendo
875 2458 1025 2538 eleganter
1046 2456 1154 2518 mirum
1176 2467 1324 2540 quantum
1348 2460 1423 2523 vicit

164 2569 196 2621 et
217 2559 371 2639 superavit
400 2594 440 2605 -
469 2559 644 2622 Ciceronem
668 2558 744 2635 dico,
768 2559 852 2639 cujus
874 2556 1021 2639 imprimis
1044 2575 1136 2637 opera
1158 2557 1271 2620 facturn
1296 2571 1356 2643 ast,
1388 2569 1424 2624 ut

164 2659 263 2740 lingua
295 2660 409 2723 Latina
441 2660 627 2722 excoleret-ur
659 2670 690 2723 et
716 2647 959 2737 conformaretur.
1002 2659 1047 2721 Ut
1075 2668 1175 2741 antem
1198 2659 1292 2738 totius
1315 2661 1423 2747 lingna

166 2760 211 2822 vis
244 2781 279 2822 ac
314 2772 424 2824 natura
449 2771 531 2823 recte
559 2745 767 2842 cognoscatur,
799 2781 864 2841 quae
893 2759 1050 2842 qualisque
1079 2760 1168 2822 fuerit
1197 2759 1300 2842 lingua
1323 2763 1422 2840 diver·

163 2861 204 2923 sis
227 2862 422 2941 temporibus,
454 2861 637 2942 investigare
669 2872 700 2924 et
731 2862 859 2925 scrutari
894 2881 1015 2923 necesse
1048 2861 1123 2946 erit;
1156 2861 1194 2923 id.
1221 2863 1300 2944 quod
1333 2883 1422 2944 quum

164 2963 196 3023 in
227 2961 366 3031 omnibus
394 2962 542 3025 aetatibus
574 2964 682 3044 lingna·
715 2964 834 3025 Latinae
862 2962 954 3038 valet,
981 2972 1044 3025 tum
1068 2962 1197 3043 maxime
1220 2963 1249 3024 in
1273 2964 1319 3038 iis,
1348 2985 1422 3046 quas

165 3061 251 3142 vulgo
283 3083 406 3126 auream
438 3073 468 3126 et
499 3073 674 3145 argenteam
708 3063 861 3144 appellare
893 3063 1032 3126 solemus.
1087 3063 1159 3126 Sive
1192 3064 1272 3126 euim
1304 3066 1423 3146 singula

165 3164 324 3238 vocabula,
356 3165 420 3227 sive
453 3166 681 3245 grammaticam
713 3165 872 3240 rationem,
905 3164 968 3226 sive
990 3164 1085 3227 totius
1113 3164 1259 3227 orationis
1284 3165 1420 3230 habitum

164 3275 195 3327 et
216 3266 343 3328 colorem
371 3266 596 3347 respexerimus,
622 3265 703 3328 iuter
728 3284 895 3329 sermonem
928 3265 1019 3345 hujus
1049 3275 1086 3327 et·
1111 3265 1192 3328 illius
1214 3267 1314 3328 astatis
1336 3267 1421 3349 longe

165 3365 326 3447 plurimum
358 3365 505 3429 interesse
537 3367 727 3448 reperiemus.
776 3366 891 3444 Veram
923 3366 1012 3446 hujus
1045 3364 1089 3429 rei
1120 3386 1243 3429 causam
1275 3367 1420 3448 imprimis

166 3486 185 3528 a
215 3475 334 3529 mutata
366 3467 523 3548 disciplina
556 3467 689 3532 civitatis
710 3478 845 3549 repetere
877 3467 957 3531 licet.
1001 3466 1121 3530 Etenim
1149 3487 1238 3551 quum
1265 3469 1421 3550 republica

165 3585 310 3649 oppressa
340 3550 441 3631 omnia
473 3570 512 3631 ad
545 3569 632 3631 unius
666 3569 823 3657 arbitrium
854 3569 971 3642 fierent,
1003 3578 1084 3631 artes
1117 3587 1232 3651 qnoque
1266 3576 1298 3631 et
1326 3569 1420 3634 literae

166 3686 204 3728 ex
235 3668 301 3748 ejus
330 3668 445 3749 judicio
467 3670 599 3750 religatae
621 3670 803 3751 pendebant.
839 3669 969 3733 Accedit
995 3669 1074 3753 quod
1105 3687 1209 3731 omnes
1237 3671 1300 3734 fere
1332 3671 1419 3751 hujus

165 3768 266 3831 aetatis
289 3769 482 3850 imperatores
504 3770 645 3852 singulari
667 3773 795 3853 quodam
818 3788 919 3833 amore
941 3780 973 3832 et
993 3769 1093 3831 studio
1115 3770 1225 3832 artium
1248 3770 1419 3835 literarum-

165 3888 223 3950 que
245 3870 328 3932 ducti
355 3880 435 3943 sunt,
467 3890 525 3952 quo
548 3873 739 3947 factumest,
771 3879 815 3946 ut,
848 3890 938 3954 quum
960 3870 1061 3932 omnia
1081 3871 1164 3946 ficta,
1194 3871 1347 3947 simulata,
1365 3872 1419 3935 ad

166 3969 330 4057 fallendum
362 3972 527 4053 composita
558 3979 669 4048 essent,
691 3973 813 4036 libertas
835 3991 951 4055 quoqne
973 3971 1089 4034 dicendi
1111 3971 1201 4053 plane
1223 3973 1419 4037 amitteretur.

165 4071 254 4134 Multi
286 4071 390 4152 igitur,
422 4072 471 4154 qui
503 4072 624 4154 ingenio
657 4073 810 4149 valebant,
843 4092 862 4135 a
895 4072 1054 4135 scribendo
1086 4072 1335 4154 deterrebantur,
1367 4075 1418 4137 alii

166 4190 246 4246 vero,
278 4173 304 4235 si
336 4173 387 4254 qui
415 4173 444 4234 in
473 4174 633 4237 scribendo
660 4174 869 4250 versabantur,
901 4158 993 4256 quum
1020 4173 1133 4254 scripta
1153 4194 1209 4237 sua
1229 4174 1268 4237 ab
1289 4176 1418 4255 impera·

164 4273 280 4335 toribus
295 4330 296 4335 ,
314 4273 426 4355 perlegi
446 4274 542 4338 solere
571 4294 629 4338 noo
652 4275 835 4357 ignorarent,
868 4294 963 4358 neque
985 4274 1055 4356 quid
1077 4275 1225 4338 sentirent
1245 4275 1340 4359 eloqui
1362 4297 1418 4339 au·

165 4373 281 4437 debant
301 4385 333 4437 et
354 4385 409 4438 eut
430 4376 471 4438 ad
491 4376 688 4441 humillimam
709 4377 946 4441 assentationem
960 4376 1184 4439 descendebant
1198 4386 1251 4438 aut
1269 4378 1306 4438 ad
1318 4383 1417 4458 quan·

164 4475 232 4536 dam
261 4476 404 4538 orationis
426 4478 655 4558 ambiguitatem
679 4479 900 4559 confugiebant,
927 4497 986 4559 qna
1007 4479 1074 4559 plus
1096 4497 1184 4560 qnam
1207 4478 1341 4540 oratione
1364 4499 1417 4540 ex·-

165 4595 300 4655 pressum
324 4588 406 4639 esset
427 4577 656 4659 intelligeretur.
692 4577 810 4649 Quibus
831 4598 869 4641 ex
889 4580 979 4642 rebus
992 4579 1068 4642 satis
1083 4589 1209 4660 apparet
1223 4597 1276 4660 pro
1291 4579 1420 4661 pristina

1267 4678 1282 4741 l
