3308 5182
1361 333 1405 461 ⁸⁹,

238 541 330 614 :Dc
354 536 526 636 adjectivis
551 549 581 610 st
601 536 805 634 participiis
822 536 1117 615 ‚wascanorum
1143 538 1213 611 loco
1233 540 1370 637 positis.
1422 624 1425 629 ¹

156 737 158 742 ,
200 704 203 709 ·
275 683 324 747 Da
359 679 523 761 adjectivis
557 688 589 741 et
611 677 787 760 participiis
810 679 908 742 vicem
933 678 1198 744 substantivorum
1222 681 1449 747 sustinentibus

194 795 259 849 tam
282 784 382 846 multa
393 776 421 866 ¹)
444 790 476 844 et
498 777 648 862 praeclara
671 786 703 841 ot
725 799 760 842 aa
779 794 802 842 'a
824 780 902 845 viris
923 780 1055 844 summis
1076 781 1210 863 ingeniis
1233 783 1448 866 exquisitissi-
1478 850 1481 857 ,

172 903 307 968 ‘msqna
340 883 483 946 doctrina
515 880 675 944 instructis
697 882 843 962 exposita
863 890 946 955 sunt,
968 881 1024 943 vix
1045 889 1081 945 ut
1101 882 1192 965 plura
1214 884 1289 947 addi
1312 883 1446 967 possint.

194 987 313 1049 Tamen
345 974 524 1047 summatim
559 981 641 1045 hans
673 981 890 1063 'grammatica
921 990 1041 1064 partem
1075 983 1231 1064 attingere
1259 985 1365 1061 liceat,
1387 1005 1447 1068 quo

196 1087 294 1169 surgis
316 1085 360 1161 id,
378 1102 444 1166 'qun
467 1083 574 1146 differt
584 1083 783 1146 Suetoniusa
798 1070 1068 1166 praestantioribus
1081 1084 1298 1166 scriptoribus,
1315 1086 1447 1164 eluceat.
1562 1071 1565 1153 ᾖ

194 1188 333 1252 Rrirnum
360 1186 462 1266 igitur
493 1203 514 1246 a
543 1183 638 1246 bonis
669 1184 728 1246 sol.
753 1203 799 1246 or.
822 1183 1030 1265 scriptoribus
1045 1184 1223 1266 adjectiva,
1245 1207 1310 1269 qnae
1332 1189 1371 1250 ad
1395 1208 1448 1250 se-

196 1289 327 1352 cundb'm
354 1285 603 1349 'declinationem
640 1293 837 1360 revocantur,
859 1285 955 1348 multo
979 1287 1168 1368 frequentius
1190 1289 1446 1369 pro-substanti-

196 1389 245 1452 vis
277 1395 467 1469 usurpantur
500 1404 589 1468 quam
618 1403 689 1468 quae
711 1386 750 1449 ad
772 1385 917 1461 tertiam3
934 1385 1052 1450 deinde
1075 1406 1149 1451 usus
1172 1388 1303 1470 bajosae
1325 1385 1446 1471 generis

197 1490 423 1571 adjectivorum
447 1487 478 1553 iu
501 1487 616 1570 plurali
640 1506 768 1551 numero
783 1487 932 1550 *crebrior
953 1495 1002 1551 est
1024 1508 1118 1571 qnam
1135 1489 1174 1553 in
1197 1489 1361 1572 singulari,
1373 1499 1450 1566 turn,
1570 1562 1573 1567 ,
1648 1542 1651 1551 .

196 1592 223 1655 si
238 1591 285 1654 ad
309 1609 396 1655 usum
420 1586 574 1670 ejusmodi
598 1588 823 1669 adjectivorum
846 1589 1015 1671 singularis
1038 1590 1158 1655 numeri
1181 1592 1367 1678 respexeris,
1390 1594 1448 1657 ad-

194 1692 315 1774 jectiva
339 1692 485 1755 neutrius
507 1690 631 1772 generis
656 1690 873 1772 frequentiora.
890 1710 957 1753 essa
979 1692 1132 1779 reperies3
1153 1693 1306 1775 neque-'id
1330 1693 1451 1770 mirum,

198 1794 224 1855 si
249 1793 373 1876 quidem
396 1802 428 1856 et
450 1791 719 1855 substantivorum
747 1786 1010 1857 ''abstracturum’'
1031 1793 1129 1857 vicem
1152 1794 1340 1875 suscipiunt,
1362 1797 1450 1857 velut
1477 1814 1480 1825 ·

198 1897 320 1968 bonum,
343 1893 458 1959 malum
482 1893 587 1966 simil,
609 1892 831 1975 etsaepissime
854 1912 922 1957 oum
945 1894 1168 1976 praepositione
1191 1894 1295 1976 aliqua
1310 1895 1358 1958 ita
1374 1916 1449 1959 con-

196 1996 377 2077 junguntur,
398 2002 433 2057 ut
453 1993 667 2057 adverbialem
691 1994 879 2057 locutionem
904 1994 1051 2057 afficiant.
1096 1995 1267 2095 Suetpuius
1291 2005 1327 2058 ut
1348 1997 1448 2078 scrip.

198 2105 283 2170 toras
306 2104 501 2176 argautsae-
526 2096 629 2159 aeta-tis
673 2096 771 2158 multa
815 2095 972 2173 adjectiva
1015 2096 1048 2159 in
1068 2110 1072 2129 ⁸
1092 2132 1130 2143 -
1174 2097 1259 2159 arius
1302 2098 1451 2161 desinen-

198 2197 244 2258 tia
277 2205 308 2259 et
341 2196 372 2259 in
400 2196 550 2277 singulari
572 2204 604 2258 at
624 2186 656 2259 in
676 2196 790 2276 plurali
813 2197 1079 2260 substantivorum
1101 2197 1169 2261 loco
1191 2191 1343 2282 posuit²).
1388 2199 1448 2261 His

201 2299 341 2378 proxima
364 2297 519 2360 accedunt
540 2297 650 2370 verba,
672 2316 738 2378 quae
761 2297 792 2360 iu
816 2305 906 2359 -atus
919 2297 1075 2372 desinunt,
1088 2298 1450 2378 velusesligsttarnnsi

199 2399 350 2462 simibet
373 2396 553 2460 laticlavius
575 2397 614 2481 (i.
639 2418 665 2460 e.
690 2395 833 2482 senator)
856 2396 949 2459 simil.
995 2386 1394 2479 Exempls'sdjmtivornm
1419 2408 1451 2462 et

194 2498 445 2581 participiorum,
478 2507 547 2580 quas
580 2499 846 2563 substantivorum
869 2500 937 2561 loco
961 2499 1066 2580 posita
1088 2509 1169 2573 snut,
1192 2501 1258 2563 baec
1279 2500 1449 2582 protulisse

199 2601 348 2663 sufficiat.
392 2599 563 2679 Adjeutiva
595 2608 628 2663 at
659 2600 824 2681 participia
856 2600 1018 2663 masculini
1053 2601 1177 2682 generis
1199 2601 1368 2682 singularis
1390 2623 1449 2664 nu-

199 2701 293 2764 meri:
325 2702 356 2763 in
390 2701 585 2764 nominativo
619 2701 730 2764 Τ.«65
752 2702 877 2776 absens,
898 2703 940 2766 A.
964 2701 1004 2764 63
1023 2701 1138 2777 inians,
1160 2696 1295 2786 nullus³)
1318 2703 1384 2766 Cal.
1409 2702 1448 2766 35

199 2802 302 2865 nullus
334 2810 398 2864 tam
426 2802 557 2884 abjecta
579 2802 771 2866 conditionis
792 2802 863 2877 init,
885 2801 1086 2886 triumphalis
1107 2805 1148 2867 N.
1171 2797 1250 2888 354)
1273 2804 1376 2890 (audi:
1395 2805 1449 2869 -vir

198 2932 231 2958 =
263 2904 314 2987 qui
345 2903 585 2986 triumphavit);
617 2904 650 2967 in
683 2903 822 2986 genitivo
855 2904 891 2969 0.
926 2905 966 2967 28
993 2905 1145 2977 absentis,
1167 2926 1207 2968 ex
1228 2906 1327 2987 ignoti
1349 2914 1448 2969 testa-

200 3012 305 3068 mento
338 3004 380 3069 A.
415 3003 478 3077 66..
510 3000 621 3068 cato
654 3005 790 3069 defuncti
807 2998 852 3087 5);
875 3007 906 3069 iu
929 3005 1037 3068 dativo
1061 3005 1109 3070 01.
1135 3007 1172 3069 lb
1195 3007 1323 3082 amenti,
1344 3007 1386 3071 Α.
1409 3006 1446 3071 51

199 3114 351 3170 oomm'oto
373 3105 497 3181 similis,
525 3106 565 3169 N.
594 3106 630 3170 16
652 3073 782 3205 inspitiss
803 3107 835 3173 iu
859 3107 1038 3171 accusativo
1060 3106 1213 3170 infantem
1237 3109 1277 3170 A.
1301 3108 1351 3172 65.
1376 3107 1444 3171 Gal.
1476 3130 1574 3195 aab„

199 3205 249 3272 25.
292 3207 447 3271 Feminini
480 3207 617 3288 generis:
651 3209 748 3288 Vesp.
783 3209 802 3271 3
835 3208 970 3272 delicata
1002 3205 1050 3291 (=
1072 3206 1201 3293 annisa),
1224 3210 1264 3273 N.
1288 3209 1328 3271 28
1350 3217 1448 3290 nupta
1483 3216 1565 3355 (ffi-

198 3308 246 3389 (=
268 3307 364 3392 uxor)
397 3308 505 3371 Plant.
534 3310 661 3371 Terent.
699 3309 794 3372 Ovid.
823 3345 862 3356 -
888 3309 1000 3373 Neutri
1033 3308 1171 3390 generis:
1201 3309 1231 3372 in
1254 3309 1446 3373 nominativo
1558 3309 1564 3320 “
1601 3305 1608 3319 ’

200 3407 235 3472 0.
258 3409 300 3473 30
322 3417 515 3491 praetextum,
537 3409 576 3472 G.
601 3403 621 3471 7
643 3410 798 3474 residuum
822 3407 1054 3495 (cibariorum),
1074 3409 1116 3474 Α.
1139 3410 1169 3481 6,
1190 3411 1285 3484 Dum.
1311 3411 1449 3475 161111-

200 3517 280 3585 tum3
314 3510 344 3572 in
378 3508 537 3589 genitivo:
570 3509 681 3573 crediti
715 3510 878 3593 (exigendi
903 3511 972 3594 jus)
995 3513 1094 3592 Vasp.
1120 3511 1168 3597 ll,
1191 3512 1374 3597 01.·16.·0.-
1395 3511 1449 3584 42,

200 3611 304 3693 coepti
338 3610 376 3675 Ο.
409 3609 439 3685 5,
471 3610 503 3673 in
525 3612 708 3675 accusativo
731 3614 768 3685 Τ.
792 3611 832 3675 60
853 3620 1005 3676 secretum
1027 3610 1077 3696 (=
1098 3621 1251 3675 secretam
1275 3602 1397 3701 vitans)'
1413 3633 1449 3675 a·

198 3738 395 3749 -—--.——

247 3822 266 3897 ¹]
300 3827 345 3883 Cir
367 3849 428 3901 qnae
449 3833 483 3887 de
504 3832 533 3888 h.
556 3849 586 3886 re
612 3832 798 3903 copiosissime
820 3837 848 3889 et
869 3833 1074 3907 elegantissimo
1095 3834 1275 3905 disputarunt
1288 3833 1448 3907 Nagalsb.§

200 3914 336 3980 20-26,
370 3918 500 3974 Ksebsius
532 3919 564 3987 ἐς
599 3920 735 3983 stt-85,
763 3920 865 3993 Bargus
898 3920 1020 3979 Stilistik
1054 3921 1087 3988 §i
1111 3923 1159 3976 12.
1186 3922 1234 3988 13,
1256 3920 1396 3977 Kbhnast.
1418 3939 1445 3991 p.

200 4001 337 4068 45-52,
360 4005 471 4079 Draeger
494 4006 565 4062 Hist.
589 4006 616 4062 S.
640 4007 674 4074 §g
698 4007 832 4065 16-24.
1401 4050 1404 4055 <

243 4079 275 4159 ²).
289 4090 402 4164 Draeger
416 4094 495 4151 flios.
518 4094 545 4148 3.
568 4112 596 4165 p.
622 4096 669 4150 36.
706 4093 777 4151 Vide
798 4094 939 4168 adjectiva
960 4095 989 4151 iu
1011 4094 1086 4150 arius
1107 4093 1261 4150 desinentia
1283 4112 1344 4163 qum
1364 4112 1448 4164 supra

198 4192 366 4234 enumeravi.
1402 4206 1404 4211 v

244 4255 271 4329 ⁸)
304 4264 350 4319 cn
376 4266 512 4322 Belisama
534 4287 561 4338 p.
585 4269 657 4332 348,
680 4267 758 4322 nullo
779 4282 861 4337 egero
881 4267 936 4323 (iic.
958 4285 1012 4323 am.
1037 4270 1065 4332 9,
1089 4267 1161 4323 nulli
1182 4269 1247 4323 sunt
1269 4264 1320 4321 Off.
1347 4266 1370 4321 l.
1395 4268 1446 4332 37,

201 4347 270 4419 Nep.
293 4350 388 4407 Them.
415 4353 441 4408 4.
466 4354 479 4406 1
505 4355 590 4411 nullis
611 4352 831 4419 ostendentibus,
854 4353 957 4410 Cimon.
981 4358 1008 4411 t.
1033 4356 1059 4410 3.
1082 4353 1153 4410 nulli
1175 4353 1270 4410 detuit.
1342 4399 1344 4403 .

243 4429 267 4504 ⁸)
289 4438 393 4494 (letaris
413 4439 481 4495 locis
501 4441 528 4496 0.
554 4444 580 4498 4.
605 4442 633 4497 Α.
657 4444 707 4506 30,
731 4458 800 4511 quos
820 4460 836 4497 e
857 4440 988 4497 Suetonio
1009 4441 1090 4498 affert
1112 4440 1246 4506 Klotniua,
1262 4438 1389 4513 additum
1400 4442 1446 4495 ost

199 4525 366 4582 vmebutum
385 4527 437 4583 vir.
462 4568 465 4573 -
512 4565 516 4572 -
732 4567 734 4571 -
959 4564 962 4569 «

245 4602 271 4680 ⁸)
302 4613 343 4668 Da
365 4632 415 4669 usu
446 4604 588 4689 participii
619 4616 686 4691 peri.
721 4612 824 4688 passivi
845 4614 1013 4697 substantivi
1033 4615 1094 4670 loco
1115 4613 1200 4684 positi
1217 4611 1294 4682 vida,
1318 4612 1447 4688 ungena

199 4716 226 4771 p.
250 4699 298 4754 90.
