3308 5182
247 378 287 444 68

187 556 237 618 ¹iu
271 564 358 619 recta
391 555 530 616 oratione
563 554 780 636 conjunctivus
813 555 975 635 particula
1005 573 1191 637 quamquam
1215 553 1371 633 subjectus
1398 567 1455 627 est,

205 656 285 717 ”nisi
309 656 361 718 ubi
385 656 569 736 potentialis
592 656 855 719 conditionalisve
878 664 934 718 aut
955 655 1070 717 similis
1091 655 1300 736 significatio'’
1324 656 1404 717 latet
1414 649 1453 739 1).

204 753 389 840 Quandoque
399 749 426 838 2)
460 776 516 837 pro
549 757 717 838 aliquando
751 758 926 836 frequenter
958 757 1153 818 Posteriores
1181 763 1381 835 usurparunt.
1427 756 1454 819 Ε

205 858 307 920 multis
330 857 413 937 apud
437 857 617 920 Suetonium
641 855 791 936 exemplis
813 857 893 918 satis
916 858 975 919 erit
997 858 1061 919 hac
1082 857 1250 936 protulisse
1278 856 1312 918 0.
1336 857 1376 917 35
1398 874 1452 919 ve·

204 959 283 1020 ritus
316 978 353 1019 ne
386 957 572 1038 quandoque
606 957 735 1019 materia
768 966 861 1031 esset,
883 957 931 1023 01.
954 958 974 1018 3
996 977 1087 1038 quum
1111 958 1249 1019 audisset
1270 957 1454 1038 quandoque

204 1059 436 1138 imperaturum,
468 1059 504 1123 Τ.
538 1059 589 1124 24.
632 1054 832 1134 Quantumnis
859 1057 1005 1119 :valde
1028 1058 1096 1120 Gal.
1119 1057 1160 1118 53
1183 1058 1380 1138 quantumvis
1404 1060 1453 1119 fa·

204 1160 320 1221 cundus
353 1159 399 1222 01.
427 1159 475 1220 10.
498 1160 549 1220 21.
573 1159 686 1222 daven.
708 1157 740 1222 8.
766 1159 813 1220 15.
858 1155 954 1236 Quasi
975 1159 995 1219 i.
1020 1178 1049 1220 a.
1074 1159 1196 1220 circiter
1219 1158 1287 1221 (lal.
1312 1156 1353 1219 58
1375 1159 1455 1220 hora

204 1259 292 1340 quasi
316 1260 458 1341 septima,
481 1258 546 1322 015.
570 1260 660 1321 Verr.
683 1259 714 1322 8.
737 1261 788 1320 22.
812 1261 886 1322 Tac.
911 1259 987 1321 Sall.
1031 1256 1186 1337 Quatenus
1208 1260 1228 1321 1.
1251 1279 1281 1320 5.
1306 1260 1451 1341 quoniam

202 1359 249 1422 01.
273 1359 314 1422 26
336 1369 486 1440 quatenus
508 1360 570 1422 sibi
594 1360 793 1423 matrimonia
816 1361 896 1422 male
918 1361 1072 1423 cederent.
1107 1363 1181 1423 Tac.
1198 1359 1309 1431 Quint.
1322 1359 1352 1443 θ)
1367 1360 1451 1422 Plin.

205 1460 314 1524 minor.
338 1461 454 1522 Poeta.
500 1457 629 1538 Quidem
643 1462 687 1506 '-
712 1470 845 1524 ceterum
860 1460 891 1544 ⁴)
918 1480 975 1542 pro
999 1461 1125 1543 quidem
1149 1462 1264 1522 -sed
1288 1461 1371 1541 apud
1395 1476 1454 1541 op·

203 1562 294 1622 timos
327 1561 362 1623 0.
396 1561 426 1621 3.
471 1559 584 1640 Lepidi
618 1562 751 1643 quidem,
785 1570 920 1623 ceterum
957 1561 991 1625 0.
1027 1562 1074 1624 15.
1119 1559 1240 1645 Quippe
1272 1561 1453 1642 participiis

203 1661 330 1722 additur
362 1663 398 1723 T.
423 1660 462 1725 69
497 1661 610 1742 quippe
633 1661 777 1724 addictus
800 1662 1042 1724 rsiathematices.
1087 1662 1207 1724 Livius.
1231 1662 1313 1725 Plin.
1338 1663 1451 1724 minor.

204 1758 405 1845 Quoadcsque
440 1780 496 1842 pro
520 1763 621 1842 quoad
644 1782 696 1842 ap.
720 1762 903 1826 Suetonium
928 1763 963 1826 0.
991 1762 1081 1846 145).
1126 1758 1248 1839 Quoties
1270 1774 1301 1824 et
1322 1761 1454 1845 quoties-

201 1882 325 1944 cunque.
371 1863 428 1923 His
462 1863 626 1942 particulis
654 1882 735 1943 sape
768 1863 980 1942 imperfectum
1012 1862 1204 1942 conjunctivi
1227 1863 1309 1943 apud
1334 1862 1453 1926 Sueto-

203 1962 287 2024 nium
322 1962 493 2042 subjectum
522 1972 571 2026 est
592 1963 679 2026 velut
699 1965 735 2026 0.
759 1961 800 2025 28
822 1964 945 2044 quoties
967 1963 1095 2037 vellent,
1117 1962 1185 2026 Gal.
1208 1961 1453 2043 iquctiescun-

202 2082 260 2145 que
281 2062 439 2125 introiret.

283 2155 436 2245 11555556)
450 2161 565 2247 Ι(5515.)
588 2163 630 2226 A.
653 2159 672 2227 7
695 2183 802 2228 recens
835 2183 871 2225 en
895 2173 979 2236 nato,
1001 2165 1039 2227 T.
1064 2165 1229 2228 lRomaru
1249 2182 1356 2225 recens
1376 2183 1452 2226 con-

202 2265 313 2339 ditam,
334 2264 396 2327 Rh.
423 2265 449 2324 1.
474 2266 548 2326 Tac.
574 2265 649 2327 Sall.

292 2362 409 2428 Scilicet
441 2367 540 2444 Vesp.
573 2358 593 2426 7
627 2368 774 2447 majestas
807 2376 841 2428 ut
872 2365 993 2428 scilicet
1023 2384 1104 2427 novo
1138 2364 1284 2445 principi,
1316 2364 1363 2427 01.
1397 2366 1450 2426 2l.

200 2464 236 2527 Si
267 2486 334 2528 cum
370 2465 566 2544 conjunctivo
600 2468 796 2546 conjunctum
831 2467 884 2528 ubi
918 2474 1134 2545 exspectamus
1166 2465 1369 2528 indicativum
1406 2466 1448 2527 A.

199 2564 240 2627 82
272 2587 309 2629 ac
341 2567 367 2626 si
391 2564 439 2650 (=
462 2563 599 2649 quoties)
629 2587 689 2648 qun
713 2567 875 2648 pervenire
898 2567 976 2629 rnari
999 2575 1116 2646 posset,
1137 2567 1243 2646 potius
1266 2565 1450 2645 navigabat.

185 2667 235 2730 -Si
259 2676 364 2730 tamen
377 2658 404 2750 7)
427 2665 462 2728 0.
488 2662 528 2728 78
550 2667 608 2728 nisi
630 2670 686 2730 sub
709 2669 888 2747 exceptione
911 2668 936 2728 si
960 2674 1065 2728 tamen
1090 2667 1222 2731 licuerit.
1247 2666 1312 2730 Sub
1339 2666 1451 2728 condi-

199 2769 284 2830 tione
306 2770 332 2829 si
344 2757 371 2851 ⁸)
394 2785 448 2846 pro
472 2785 509 2827 ea
532 2768 776 2843 conditionem,
799 2771 978 2850 frequenter
999 2777 1182 2847 usurpatum
1206 2777 1255 2830 est
1276 2767 1311 2830 0.
1326 2765 1377 2828 68.
1401 2766 1449 2830 01.

199 2871 250 2931 24.
276 2870 343 2932 Vit.
368 2866 404 2942 6;
426 2868 451 2929 si
475 2868 564 2929 modo
588 2869 633 2930 uti
656 2870 780 2932 licuerit
802 2871 894 2932 Dnm.
924 2868 959 2930 16
981 2888 1035 2948 pro
1053 2869 1154 2941 modo,
1170 2869 1346 2939 dummodo,
1362 2867 1450 2929 dnm.

199 2967 283 3031 Sicut
317 2987 399 3031 eram
435 2963 493 3050 (ὡς
524 2967 625 3051 εἶχον)
658 2972 740 3052 apud
775 2980 885 3050 poetas
918 2977 950 3031 et
971 2969 1164 3052 posteriores
1186 2988 1243 3050 pro
1266 2978 1300 3031 ut
1322 2966 1452 3032 Otho8

199 3071 282 3133 siem
304 3076 395 3132 erant
417 3071 548 3145 cruenti,
571 3069 639 3133 051.
662 3073 712 3133 45.
737 3070 784 3134 01.
814 3073 864 3144 34,
885 3069 914 3132 9.
957 3067 1088 3132 5155-
1111 3070 1187 3145 sive,
1211 3070 1327 3132 omissa
1348 3069 1452 3150 priore

198 3191 274 3235 voce
297 3172 394 3250 Vesp.
419 3168 438 3231 6
462 3171 621 3250 exernplar
643 3172 782 3254 epistolae
804 3192 884 3235 verae
896 3172 963 3233 sive
976 3170 1073 3245 salsa,
1085 3171 1214 3234 Seneca.
1226 3171 1346 3234 Justin.
1370 3167 1451 3232 Sub-

197 3273 276 3348 inde,
298 3272 385 3352 cujus
407 3271 568 3350 particula
590 3291 663 3334 usus
686 3273 769 3353 apud
793 3292 858 3354 arg.
882 3281 933 3334 aet.
957 3271 1123 3352 scriptores
1145 3272 1288 3352 frequens
1314 3278 1373 3343 est,
1395 3290 1451 3333 ne·

198 3393 246 3437 nro
279 3373 336 3436 sol.
373 3391 417 3432 or.
452 3371 640 3452 scriptorum
674 3385 747 3436 ante
779 3374 904 3436 Livium
926 3371 1102 3453 usurpavit.
1147 3372 1240 3452 Apud
1263 3370 1450 3434 Suetonium

197 3474 365 3555 saepissime
388 3471 549 3534 invenitur
576 3482 608 3535 et
628 3493 681 3553 pro
705 3474 835 3536 vocibus
857 3474 959 3547 ’'mors,
982 3472 1110 3535 statim”
1124 3472 1274 3534 eteadern
1289 3471 1450 3551 significa-

196 3575 281 3638 tione
315 3593 376 3656 qua
398 3572 538 3653 ''saepids‚
562 3567 781 3660 identidem”⁹)
808 3574 901 3636 simil.
926 3574 961 3638 0.
985 3573 1034 3635 65.
1059 3574 1096 3635 Τ.
1119 3573 1170 3648 28,
1192 3568 1232 3635 57
1253 3572 1333 3635 satis
1355 3591 1449 3653 sape.

198 3737 392 3747 ——--——-

243 3819 271 3900 ¹)
294 3826 385 3882 Madv.
410 3828 444 3882 de
465 3827 524 3883 sin.
549 3829 576 3881 3.
601 3829 648 3884 21.
674 3830 723 3894 70,
747 3829 788 3884 cir
809 3827 865 3883 015.
889 3827 942 3884 off.
969 3829 995 3882 1.
1020 3827 1049 3881 2.
1074 3827 1101 3881 6.
1124 3844 1185 3895 quas
1207 3841 1378 3896 quamquam
1393 3824 1450 3879 sirit

196 3913 280 3990 (conj.
304 3908 481 3986 potentialis)
504 3913 696 3985 inpromptu.

240 3991 268 4070 ²)
291 3999 337 4056 dtr
358 4000 450 4056 Madv.
473 3999 586 4055 Excute.
609 4001 649 4056 VI
671 4020 699 4071 p.
725 4001 786 4056 833
810 3996 897 4073 (fin).

239 4077 251 4112 ³
290 4086 466 4142 Tdrnebladh
509 4088 543 4141 de
565 4106 615 4142 usu
637 4087 841 4144 Particularum
863 4104 891 4156 p.
916 4087 964 4141 31.

289 4174 378 4229 Bremi
401 4173 437 4228 ad
458 4173 492 4228 A.
516 4172 545 4229 8.

241 4604 268 4683 ⁸)
292 4609 348 4664 Sub
371 4608 529 4664 conditione
550 4620 584 4657 ne
606 4601 638 4656 Τ.
665 4603 713 4656 la.

236 4691 334 4773 ’potr
357 4693 535 4751 ramaslaun
557 4707 584 4760 p.
608 4691 657 4745 54.
