3308 5182
1252 468 1255 472 .
1293 379 1295 382 ’
1342 386 1380 452 19

164 555 329 637 dignitate,
365 560 461 622 semel
495 557 580 641 apud
608 555 790 619 Ciceronem
814 553 901 636 (Att.
927 556 975 616 10.
1000 554 1030 617 9.
1054 558 1084 618 2.
1109 558 1158 619 ed.
1183 559 1292 633 Orelli,
1314 558 1350 642 2)
1373 536 1422 624 iu:
1472 574 1476 615 ἱ

165 657 299 719 venitur.
324 660 441 722 Krebs.
476 658 570 740 Apud
594 654 777 718 Suetonium
802 654 879 715 duas
903 654 999 717 habet
1022 657 1276 738 significationes,
1292 680 1422 742 quarum

168 776 229 819 nna
262 767 310 820 est
333 762 461 840 passiva
489 761 537 839 (=
560 755 724 837 dignitas),
747 755 923 837 mansitque
946 758 1029 838 apud
1053 778 1106 820 eos
1129 760 1280 822 nonsine
1302 781 1423 824 suruma

165 858 347 939 dignatione
379 861 415 925 (1.
439 861 468 922 4.
494 860 599 923 Galba
628 850 658 917 7.
682 858 772 918 Dom.
798 858 828 916 2.
851 857 1066 933 Posteriores;
1088 860 1191 922 altera
1212 861 1328 935 activa,
1353 862 1421 925 Cal.

168 950 215 1021 24'
240 960 376 1042 reliquas
410 980 534 1024 sorores
568 957 753 1039 dignatione
774 956 888 1018 dilexit
904 957 941 1039 ¹).
986 955 1171 1041 Dipnoscere
1197 961 1281 1024 Otho
1308 964 1344 1023 12
1367 983 1422 1043 pro
1539 1002 1541 1011 ι

168 1077 204 1121 eo
228 1061 307 1140 qnod
331 1070 380 1124 est
403 1063 587 1136 discernere,
610 1061 830 1121 internoscere.
877 1057 986 1128 Quint.
1011 1057 1131 1122 Colum.
1156 1063 1231 1124 Tac.
1255 1063 1338 1126 Plin.
1356 1084 1424 1126 ma-

165 1161 227 1240 jor.
250 1160 366 1225 Poetae.
411 1161 576 1225 Dimouere
608 1160 713 1223 Galba
749 1158 795 1229 19,
827 1159 891 1221 Tit.
923 1160 970 1221 10.
995 1159 1078 1222 Cels.
1103 1163 1177 1223 Tac.
1201 1163 1278 1226 Sall.
1304 1165 1422 1227 Poetae.

39 1344 44 1352 ι
168 1258 344 1325 Discinctos
367 1293 400 1317 =
422 1264 547 1326 ademto
571 1261 691 1342 cingulo
715 1279 774 1341 quo
797 1279 873 1339 saga
895 1260 1062 1341 cingebant
1084 1263 1124 1323 A.
1149 1264 1200 1325 24.
1220 1265 1287 1326 100.
1305 1267 1423 1328 Poetae.

169 1362 240 1424 Liv.
271 1363 390 1427 Justin.
414 1365 538 1428 Cicero:
562 1361 674 1426 transl.
699 1361 938 1441 significatione.
982 1360 1148 1446 Discreput
1169 1358 1426 1444 impersonaliter

170 1463 304 1542 positum
338 1475 388 1528 est
412 1465 662 1546 frequentissime
685 1463 768 1542 apud
790 1461 923 1535 Livium,
946 1462 1065 1525 duobus
1088 1464 1164 1526 locis
1188 1467 1270 1546 apud
1293 1467 1423 1530 Sueten.

170 1563 239 1625 vit.
262 1565 292 1638 2,
316 1565 363 1628 (11.
387 1566 429 1628 44
461 1568 619 1648 discrepat
652 1563 713 1624 ubi.
758 1561 911 1645 Disjicere
943 1565 1053 1625 transl.
1083 1566 1114 1625 vi
1137 1565 1173 1628 (1.
1198 1568 1238 1628 42
1261 1578 1425 1648 exspecta-

169 1663 294 1740 tionem,
317 1668 353 1729 T.
377 1665 418 1728 63
440 1668 585 1743 oracula3
608 1683 728 1746 pacem,
751 1664 883 1725 consilia
904 1664 974 1726 Liv.
1000 1665 1092 1727 Corn.
1116 1667 1197 1746 Nep.
1221 1668 1305 1730 Vell.
1330 1669 1425 1749 Verg.

166 1762 363 1848 Dispaudere
386 1787 446 1831 vox
479 1769 638 1840 Plautina,
661 1766 753 1828 Dom.
780 1763 828 1826 19.
852 1765 1014 1844 Dispansa
1036 1766 1154 1828 dextrae
1177 1788 1287 1830 ruanus
1310 1770 1424 1849 palma.

170 1863 375 1949 Dispensator
410 1889 519 1931 servus
554 1869 599 1932 rei
634 1864 793 1938 familiari,
817 1866 951 1927 maxime
975 1867 1161 1946 pecuniaria
1184 1872 1360 1948 praefectus,
1382 1873 1424 1932 A.

169 1962 220 2028 67.
254 1968 295 2030 Ν.
330 1968 380 2031 44.
405 1969 504 2051 Vesp.
528 1972 584 2045 223
618 1965 815 2049 dispensatio
842 1994 875 2021 =
901 1986 1010 2028 ruunus
1033 1968 1262 2049 dispensatoris
1286 1970 1371 2033 Otho
1394 1972 1424 2033 5.

171 2066 270 2148 Vesp.
294 2070 345 2131 23.
371 2070 454 2133 Plin.
479 2072 590 2151 major.
614 2068 725 2140 Quint.
749 2069 864 2129 Varro.
901 2065 1030 2130 Disseco
1052 2069 1120 2131 Cal.
1137 2054 1195 2131 27.
1218 2070 1300 2133 ΡΙίη.
1315 2071 1427 2152 major,

171 2187 239 2250 qua
260 2188 324 2231 vox
347 2189 420 2232 rara
442 2180 491 2235 est
512 2191 568 2254 pro
591 2163 738 2233 ”secare”.
782 2166 991 2231 Dissimulare
1018 2169 1059 2230 N.
1082 2168 1122 2231 37
1145 2170 1346 2234 dissimulata
1367 2173 1427 2236 Se-

169 2277 261 2331 natus
284 2271 441 2334 mentione
465 2272 575 2334 eadem
599 2273 664 2333 fere
687 2269 719 2331 ri
742 2288 803 2350 qua
826 2269 963 2331 silentio·
977 2270 1148 2351 preterire.
1181 2269 1344 2334 Distentas
1361 2274 1425 2336 i.a.

171 2369 247 2431 cibis
270 2373 404 2435 refertus
426 2372 474 2436 01.
497 2374 538 2434 32
561 2373 689 2434 madeus
712 2388 749 2431 ac
772 2369 936 2441 distentus,
948 2371 1024 2431 uber
1037 2369 1207 2432 distentum
1220 2373 1298 2434 Hor.
1316 2371 1425 2443 Quint.

170 2460 253 2532 Ptin.
277 2472 395 2554 Paneg.
440 2472 621 2535 Distrulrere
642 2472 664 2534 i.
688 2491 713 2532 s.
739 2490 767 2550 q.
793 2469 962 2531 divendere
986 2469 1052 2532 Gal.
1077 2470 1128 2533 39.
1152 2473 1252 2553 Vesp.
1275 2471 1326 2535 26.
1350 2476 1424 2537 Tae.

169 2570 252 2634 Anu.
287 2571 317 2634 6.
355 2567 404 2636 17.
433 2569 463 2636 7.
487 2575 604 2637 Justin.
629 2572 712 2636 Geli.
735 2570 820 2650 Dig,
842 2600 873 2623 =
897 2570 1070 2632 dissolvere
1093 2570 1128 2633 0.
1152 2559 1203 2645 42,
1225 2602 1258 2626 =
1280 2575 1426 2638 dirimere

170 2670 205 2734 0.
238 2671 291 2734 85.
326 2673 392 2737 Gis.
437 2672 549 2737 Ditore
581 2704 614 2728 =
647 2673 839 2753 locupletare
872 2671 913 2733 N.
937 2670 967 2734 6.
993 2671 1097 2734 Galba
1119 2673 1149 2734 5.
1173 2674 1286 2736 Livius
1307 2676 1424 2738 Poetae.

169 2769 342 2836 Diversltos
354 2775 383 2857 ²)
436 2795 493 2856 pro
532 2775 726 2839 dissensione
760 2772 828 2837 Cal.
862 2771 883 2833 8
915 2772 1066 2835 incertum
1096 2774 1264 2836 diversitas
1297 2778 1428 2839 traden-

171 2873 249 2935 tium
285 2876 372 2950 facit,
407 2876 520 2948 Quint.
555 2878 629 2938 Tae.
664 2877 738 2940 Seu.
772 2884 900 2953 uterque
934 2872 1068 2935 Plinius.
1113 2873 1263 2937 Diversus
1291 2895 1347 2957 pro
1370 2878 1427 2939 ad-

139 2974 142 2979 ’
171 2992 272 3049 verso,
308 2979 467 3040 contrario
500 2979 568 3039 sim.
597 2997 679 3058 saepe
701 2996 754 3057 ap.
779 2975 866 3038 Suet.
891 2975 1050 3036 invenitur
1073 2974 1157 3036 velut
1179 2976 1215 3038 0.
1242 2978 1268 3037 l.
1293 2979 1426 3040 diversae

171 3083 279 3154 partes
311 3076 383 3140 Liv.
408 3081 498 3143 Post.
522 3079 588 3142 cic.
614 3077 716 3140 Acad.
741 3095 789 3157 pr.
814 3078 843 3137 2.
868 3077 919 3136 32.
964 3073 1093 3138 Douure
1115 3096 1171 3158 pro
1196 3097 1231 3138 eo
1255 3079 1336 3159 quod
1361 3081 1427 3140 usi-

170 3175 270 3240 tatius
303 3187 353 3239 est
385 3182 563 3243 condonare
596 3178 681 3242 A.5
715 3196 809 3260 quum
831 3186 953 3258 peteret
975 3176 1085 3239 donari
1108 3178 1198 3258 quasi
1221 3179 1347 3261 proprio
1370 3199 1426 3242 suo

51 3362 54 3369 Ι
170 3294 208 3338 ac
241 3279 392 3359 peculiari
424 3281 504 3344 Deo.
535 3280 592 3344 Sil.
618 3280 667 3341 15.
694 3280 752 3340 103
781 3278 861 3340 iram
885 3277 1008 3357 patriae.
1051 3275 1251 3352 Donativnm,
1274 3299 1341 3360 quae
1363 3300 1427 3343 vox

172 3376 329 3442 Cassarum
365 3381 485 3444 demum
508 3381 698 3462 temporibus
721 3380 753 3441 in
775 3378 833 3440 sol.
859 3378 1032 3440 orationem
1054 3379 1267 3459 immigrabat,
1289 3382 1427 3443 vocaba-

128 3550 131 3554 ,
172 3485 224 3541 tnr
260 3499 383 3556 munus,
418 3501 479 3563 quo
513 3482 627 3544 milites
650 3480 810 3544 donabant
831 3479 1050 3560 imperatores.
1094 3480 1213 3542 Postea
1235 3481 1426 3561 congiarium

163 3578 392 3663 intelligebant
425 3602 534 3645 munus
566 3583 681 3664 populo
721 3581 839 3654 datum,
872 3580 920 3641 cui
954 3580 1050 3642 verbo
1084 3590 1205 3643 veteres
1228 3582 1336 3663 script.
1361 3584 1425 3645 vim

160 3681 319 3756 muneris,
339 3684 392 3746 vel
413 3685 529 3766 populo
553 3683 620 3745 dati
644 3683 692 3745 vel
716 3681 879 3754 militibus,
901 3680 1110 3758 subjecerunt.
1128 3681 1214 3744 Suet.
1239 3684 1427 3765 frequentis-

171 3780 252 3843 sime
290 3781 322 3844 b.
356 3784 462 3847 verbis
494 3785 602 3847 utitur.
658 3782 737 3845 Dos.
771 3783 871 3843 Dotes
904 3781 1000 3843 animi
1024 3782 1289 3862 exsplendnerunt
1321 3785 1426 3848 Tite

171 3908 205 3935 =
237 3882 379 3959 virtutes,
412 3886 480 3949 Cal.
514 3887 543 3948 3.
579 3882 739 3967 Poetai).
784 3880 979 3944 Duceaarius
1010 3882 1053 3945 -e‘e'
1081 3883 1203 3963 jndices
1236 3884 1276 3947 A.
1301 3887 1352 3960 32,
1374 3887 1424 3967 qni

174 3990 297 4046 tantum
331 3985 451 4050 ducena
483 3987 632 4050 sestertia
663 3983 880 4068 possidebant,
914 4002 984 4057 uon,
1013 3992 1048 4047 ut
1069 3985 1175 4060 ceteri,
1198 3987 1425 4068 quadringena3

172 4085 333 4149 ducenarii
367 4098 588 4167 procuratores
621 4087 668 4151 01.
706 4087 747 4149 24
779 4085 891 4170 quibus
907 4085 1063 4149 'salarium
1085 4107 1217 4150 aunuum
1241 4099 1309 4150 erat
1331 4088 1425 4150 duce-

173 4204 282 4249 norum
314 4189 505 4252 sestertium.
539 4190 622 4253 Plin.
652 4189 762 4269 major.
806 4184 947 4250 Ducam
968 4207 1030 4250 vox
1052 4207 1117 4269 arg.
1141 4187 1244 4251 aetatis
1266 4188 1287 4249 i.
1311 4208 1339 4268 q.
1364 4189 1425 4250 im-

216 4435 240 4512 ι)
261 4441 308 4496 (lit
328 4441 419 4496 Bremi
441 4445 477 4500 ad
499 4447 527 4502 h.
551 4447 571 4501 l.
595 4444 698 4515 Bergan·
719 4441 842 4498 stilistik
864 4441 880 4508 ξ
904 4441 933 4496 8.

213 4524 240 4599 ²)
263 4528 309 4584 ca
330 4527 427 4584 mess.
463 4528 466 4540 ·

213 4608 237 4688 ⁸)
260 4614 307 4671 cfr
328 4614 384 4670 cie.
410 4617 445 4671 de
466 4633 506 4670 or.
532 4617 559 4671 1.
585 4619 635 4675 55.
659 4618 719 4672 234
744 4616 890 4671 verborum
911 4613 985 4670 dote.
