3308 5182
254 401 295 467 82

214 576 311 641 Paulo
345 574 471 638 liberior·
498 593 571 636 neus
604 573 731 639 ablativi
764 576 845 636 modi
877 584 926 635 eet
957 574 996 637 A.
1019 574 1060 635 53
1090 575 1134 634 rel
1161 575 1240 636 serio
1262 574 1307 636 rel
1328 573 1405 652 joco.
1429 608 1470 631 .-

213 677 360 758 Exempla
393 675 521 738 ablativi
548 694 712 736 mensurae:
746 674 785 738 G.
807 675 828 735 4
849 675 974 736 cubitali
997 676 1094 755 nujus
1116 675 1157 737 A.
1180 675 1232 748 43,
1254 674 1387 755 bipedali
1409 674 1470 735 rni-

214 798 284 854 uor;
305 786 412 840 contre
433 774 468 839 Ο.
489 775 532 838 82
554 776 675 856 paulurn
691 774 721 860 ¹)
741 775 822 837 inire
843 796 898 856 pro
919 776 1025 856 partlm
1047 776 1173 839 multum
1181 775 1211 859 ²)
1233 775 1411 837 antecedere
1432 774 1468 836 fl.

215 881 269 954 133
302 876 428 941 ablativi
456 877 690 956 comparationis
717 876 752 938 T.
779 874 825 937 18.
849 878 885 939 T.
908 872 948 939 37
975 876 1068 938 solito
1087 876 1271 957 frequentior
1298 876 1364 938 Liv.
1387 876 1467 939 Plin.

213 980 310 1043 minor
332 978 433 1051 Ouid..
455 978 494 1039 N.
517 978 556 1039 33
578 978 716 1058 opinione
738 974 910 1061 nedius³);
937 977 1060 1039 ablativi
1085 977 1173 1058 pretii
1186 977 1222 1039 G.
1235 974 1410 1037 bdminirno
1428 974 1468 1058 ⁴).

295 1079 481 1143 Posteriores
512 1081 672 1159 scriptores
707 1078 917 1159 praepositione
949 1078 979 1139 in
1014 1079 1061 1139 vel
1088 1078 1152 1139 eolo
1175 1077 1308 1140 ebletiro
1331 1088 1468 1149 utuntur,

136 1202 139 1208 ’
212 1201 304 1264 quum
326 1182 364 1243 de
385 1179 488 1252 armis,
510 1179 700 1240 vestimentis
722 1179 809 1241 simil.
832 1179 982 1259 queritur,
1004 1179 1054 1240 ubi
1066 1180 1221 1259 Principes
1241 1178 1295 1240 sol.
1316 1197 1356 1239 cr.
1370 1177 1467 1258 scrip-

212 1294 293 1345 tores
322 1280 551 1362 praepositcnem
580 1278 691 1360 curu⁵)
720 1289 910 1360 usurparunt,
943 1279 1020 1342 (3.6
1048 1280 1193 1341 muliebre
1214 1288 1324 1351 ueste,
1356 1278 1402 1342 Ol.
1429 1274 1465 1340 Π

212 1384 241 1447 in
254 1387 284 1466 Β)
307 1392 389 1444 veste
412 1381 556 1462 palmate,
578 1382 617 1443 N.
640 1380 691 1453 25,
713 1381 747 1443 C.
770 1378 791 1442 9
812 1381 841 1442 in
864 1381 955 1442 ermis
977 1399 1051 1443 csse.
1073 1380 1140 1443 Cui.
1162 1378 1213 1442 45.
1236 1379 1295 1442 er.
1318 1379 1338 1439 3
1359 1380 1389 1441 in
1410 1399 1466 1441 cu-

211 1485 290 1547 teuis
310 1512 345 1537 ε.-
365 1491 530 1544 catenatos.
574 1482 666 1543 Plura
698 1481 786 1561 hujus
818 1481 860 1542 rei
892 1481 1030 1561 exemplu
1062 1481 1141 1561 apud
1173 1479 1235 1543 Bu.
1257 1481 1314 1542 snb
1341 1480 1465 1542 vocibus

211 1578 337 1646 ’‘vestis'’
359 1593 390 1644 et
411 1576 473 1644 ”in'’
494 1581 697 1644 inveniuntur.

294 1684 410 1747 Contra
443 1702 554 1744 morem
588 1683 752 1765 principum
786 1683 841 1743 eol.
872 1703 914 1744 or.
936 1682 1113 1763 scriptorum
1148 1681 1319 1763 praepueitio
1351 1680 1463 1765 cumi)

210 1787 321 1849 omisere
353 1795 399 1847 est
430 1784 460 1845 in
493 1783 704 1856 locutionibus,
736 1785 839 1864 quales
869 1795 940 1845 sunt
968 1784 1028 1846 hae:
1062 1784 1098 1847 T.
1120 1785 1157 1845 41
1189 1802 1297 1863 ruugno
1317 1783 1462 1845 dedecore

210 1887 326 1968 imperii
355 1905 410 1947 nec
431 1884 546 1947 minore
568 1884 751 1958 discrimine,
784 1884 845 1946 Tit.
871 1885 908 1945 10
931 1885 1042 1964 majore
1064 1885 1216 1947 hominurn
1240 1885 1349 1945 damno
1372 1902 1461 1964 quern

207 2008 273 2062 suo,
295 1988 339 2050 Ol.
364 1984 403 2048 16
424 1986 477 2047 sed
498 2004 553 2048 uuo
576 1986 688 2064 majore
710 1985 865 2048 dedecore.
901 2018 905 2029 ·
1423 2038 1426 2043 .

102 2074 106 2081 ¹
293 2088 428 2150 Verbum
461 2086 543 2166 fungi
556 2087 586 2171 8)
608 2087 688 2168 apud
709 2085 834 2148 Sueten.
867 2086 982 2148 duobne
1010 2085 1082 2157 locis
1105 2085 1295 2149 accusativus
1317 2086 1462 2167 sequitur.

191 2189 360 2281 ¹,nblntivus
382 2187 489 2250 ceteris
511 2187 583 2249 locis
596 2186 636 2272 ο).

293 2291 339 2352 De
361 2309 416 2351 usu
437 2288 650 2368 particularum
684 2297 755 2350 unte
777 2297 898 2369 etpost
921 2289 1000 2368 apud
1022 2289 1151 2369 optimos
1174 2286 1461 2366 scriptoresKreb.

209 2393 325 2475 niuem)
347 2388 567 2470 elegentissime
589 2389 768 2470 disputavit,
791 2389 841 2451 ubi
863 2389 950 2452 affert
973 2389 1067 2450 locum
1090 2388 1226 2452 Suetonii
1248 2388 1294 2451 cl.
1314 2385 1369 2452 27:
1391 2398 1463 2453 onte

208 2495 343 2575 quintum
376 2510 508 2551 mensem
542 2489 664 2551 divortii
697 2510 752 2570 pro
783 2509 817 2551 eo
846 2490 924 2571 quod
948 2500 994 2551 est
1015 2490 1120 2571 quinto
1143 2509 1243 2551 meuse
1265 2501 1336 2552 ente
1358 2490 1462 2552 divor-

208 2595 295 2656 tium.
337 2590 518 2671 Praepositio
552 2600 623 2652 ente
655 2591 746 2670 igitur
778 2591 871 2671 priori
892 2591 1085 2653 substantivo
1106 2591 1273 2671 preposite
1293 2601 1341 2654 est
1362 2602 1390 2652 et
1413 2612 1462 2653 se·
1494 2590 1497 2595 ’

208 2695 310 2776 quenti
332 2691 527 2754 substantivo
549 2690 699 2770 genitivus
721 2693 872 2771 subjectus
887 2703 942 2765 est,
965 2693 1049 2771 cujus
1070 2693 1186 2772 generis
1208 2693 1345 2772 exemplu
1368 2693 1460 2753 etiem

207 2797 286 2876 upud
308 2792 494 2857 Posteriores
508 2788 554 2875 ¹¹)
574 2792 677 2872 script.
700 2792 813 2854 rariore
834 2802 915 2854 sunt.
948 2792 1094 2854 Similiter
1115 2791 1154 2854 G.
1179 2786 1318 2854 ilintre
1340 2804 1460 2855 sextum

208 2895 377 2976 adoptionis
400 2893 487 2954 diem.

290 2995 381 3077 Apud
415 2993 590 3056 Suetonium
623 3006 773 3076 praeeunte
805 2993 950 3079 Livio¹²)
975 2981 1056 3075 saepe
1078 2995 1247 3075 praepositio
1270 2995 1309 3055 nb
1332 2993 1462 3056 nomini·

207 3099 262 3161 bus
295 3097 412 3159 urbium
446 3095 588 3175 apposite
621 3107 676 3170 eet,
707 3097 757 3159 ubi
790 3096 941 3178 principes
970 3115 1035 3157 enm
1064 3096 1228 3159 omiserunt
1249 3095 1330 3157 velut
1344 3088 1385 3156 C.
1408 3095 1459 3157 35.

254 3333 279 3403 Ι)
301 3331 395 3386 manv.
420 3331 491 3386 πο.
518 3331 544 3386 1.
599 3329 601 3333 ’
747 3325 773 3404 ²)
796 3334 835 3388 n.
859 3333 931 3388 nro.
955 3332 984 3387 2.
1057 3336 1060 3340 ’

249 3412 274 3490 ³)
296 3418 390 3474 Madv.
413 3417 624 3490 Bemerltungen
646 3436 674 3488 p.
700 3410 750 3484 85.
774 3420 904 3475 Kiihnust
928 3420 999 3485 174,
1026 3419 1095 3472 175.

247 3503 272 3576 ⁴)
295 3505 353 3560 Alii
374 3503 499 3560 scribunt
520 3518 604 3560 numo
625 3506 687 3562 Ter.
712 3508 791 3562 Eum.
818 3509 844 3562 1.
869 3507 919 3561 29.

248 3590 272 3665 ⁸)
295 3593 389 3647 Madv.
414 3591 485 3647 258.
509 3591 591 3663 (fin).
806 3638 809 3643 .

247 3676 272 3752 ⁸)
294 3678 341 3735 Gir
362 3678 418 3734 Cic.
442 3679 503 3733 Tin.
529 3679 557 3734 2.
582 3681 632 3735 20.
657 3681 705 3736 65.
739 3682 885 3750 potantem
919 3675 962 3734 ”in
994 3672 1070 3735 rceu''
1104 3676 1248 3743 Thorium,
1281 3695 1344 3746 quse
1371 3678 1459 3735 verbo

201 3766 329 3826 nonnulli
362 3765 585 3837 interpretentur
618 3762 700 3823 ¹’rosis
721 3762 904 3833 redimitum”,
938 3765 1096 3837 Madvigius
1119 3780 1183 3819 vero
1206 3758 1287 3819 ”rosis
1309 3766 1457 3821 circumlu-

202 3876 271 3912 sum.
317 3852 398 3908 Tnlee
420 3852 574 3908 locutiones
596 3854 686 3924 poetis
708 3853 903 3910 usitatissimos
924 3869 992 3920 esse,
1015 3852 1070 3923 dici
1093 3850 1140 3905 rix
1162 3868 1232 3921 opus
1254 3855 1303 3907 est.

247 3936 271 4013 7)
292 3940 386 3995 Madv.
411 3938 480 3995 258.
505 3942 532 3996 5.

247 4023 259 4058 ⁸
345 4020 349 4027 .

244 4032 273 4188 ’i
292 4026 534 4181 bbrobbbldmen
567 4109 628 4164 loco
655 4109 794 4180 scripture
814 4107 900 4163 dnbio
921 4112 964 4165 ert
989 4111 1019 4166 A.
1042 4112 1081 4165 35
1105 4108 1245 4165 senatorio
1267 4125 1383 4165 munero
1403 4110 1453 4178 (nl.

198 4204 339 4260 senatorio
361 4199 485 4268 munere)
506 4198 538 4254 A.
563 4197 601 4252 45
626 4195 715 4252 vicem
736 4195 786 4268 (ul
808 4195 888 4263 rice).

249 4287 298 4362 10)
324 4290 348 4344 1.
373 4288 421 4342 75.
443 4285 536 4340 Medr.
560 4283 630 4338 270.
654 4285 684 4349 4,
709 4283 778 4338 276.
804 4283 830 4337 6.

250 4377 296 4446 ΙΙ)
319 4374 481 4444 Nipperdey
503 4372 533 4428 T.
556 4370 626 4426 Anu.
653 4371 677 4426 l.
701 4370 748 4425 62.

249 4455 296 4534 ¹²)
318 4462 447 4517 Kilhnsst
468 4477 495 4529 p.
521 4457 578 4513 186
602 4475 641 4527 eq.
684 4457 738 4512 Hic
770 4474 833 4510 usus
865 4455 984 4526 Augusti
1010 4456 1094 4511 miste
1115 4455 1145 4508 in
1166 4455 1330 4509 immensum
1351 4450 1450 4506 crevit.

199 4553 239 4606 cir
261 4552 292 4606 A.
317 4550 371 4604 86:
407 4543 644 4617 '’precipuumque
673 4560 769 4598 curum
801 4541 891 4609 duxit,
925 4558 1034 4597 sensum
1059 4541 1147 4613 enimi
1169 4558 1256 4610 quum
1277 4538 1451 4609 apertissime

197 4638 359 4714 exprimere.
403 4633 480 4701 Quod
512 4648 566 4702 quc
599 4630 709 4687 lucilius
730 4629 851 4687 efficeret
877 4632 927 4685 nui
949 4627 1050 4685 necubi
1072 4627 1205 4685 lectorem
1226 4627 1273 4682 rel
1294 4624 1450 4681 auditorem
