3308 5182
257 400 277 463 2

212 574 264 637 illa
285 575 491 657 simplicitate,
513 577 674 657 elegantia,
696 580 914 661 perspicuitate
930 581 1074 642 orationis
1091 582 1239 644 corrcisum
1263 583 1335 645 illud
1358 591 1389 643 et
1410 583 1466 643 ab·

211 685 331 755 ruptum
359 678 475 739 dicendi
499 697 591 758 genos
607 681 802 760 posteriorum
818 681 995 762 scriptorum
1012 682 1177 757 exstitisse,
1199 683 1276 763 quod
1292 683 1382 746 nullis
1398 683 1465 744 vin-

211 775 286 838 culis
319 778 493 841 adstrictum
521 780 550 841 in
585 780 787 843 minutissima
824 801 904 863 saepe
934 783 1067 843 rneurbra
1099 784 1281 862 discerptum
1312 784 1373 859 est3
1406 803 1464 864 qua

211 896 273 938 una
305 896 336 938 re
369 899 430 959 arg.
452 888 499 942 aet.
523 881 685 960 scriptores
720 883 767 944 vel
790 883 920 945 maxime
954 882 993 944 ab
1017 883 1138 964 optimis
1161 883 1219 945 illis
1242 904 1341 946 aoreae
1363 885 1463 946 aetatis

210 977 360 1041 differunt.
402 979 508 1043 Oratio
541 982 619 1043 enim
647 992 780 1044 veterum
805 983 878 1045 mira
901 984 1030 1064 quadem
1054 985 1202 1065 elegantia
1224 995 1255 1046 et
1277 1005 1395 1047 snrnrna
1417 984 1464 1045 di-

211 1078 334 1158 ligentia
356 1080 400 1143 ita
422 1100 558 1143 connexe
579 1094 627 1143 est
648 1082 748 1164 itaque
771 1096 853 1145 arcte
877 1085 1016 1156 cohaeret,
1040 1095 1072 1146 ut
1095 1085 1166 1146 nibil
1191 1085 1301 1164 aptius,
1330 1086 1401 1146 nihil
1427 1086 1463 1146 li-

209 1179 327 1265 quidius
361 1181 419 1243 dici
441 1193 495 1244 aut
516 1183 640 1263 cogitari
662 1185 767 1264 possit,
798 1186 983 1267 maximeque
1005 1186 1034 1245 in
1058 1186 1373 1266 comprehensionibus
1397 1206 1464 1246 ver-

210 1285 315 1345 borum
349 1283 571 1345 conformandis
599 1285 759 1364 singularis
781 1289 917 1366 quaedam
940 1306 1013 1348 cura
1035 1286 1174 1347 adbibita
1197 1296 1253 1347 est.
1297 1288 1368 1349 Jarn
1392 1307 1462 1348 veru

208 1370 238 1450 id
272 1382 311 1443 ad
343 1385 472 1446 solutam
506 1385 671 1447 orationem
705 1388 947 1449 cormnutandam
977 1387 1110 1449 nonnihil
1133 1388 1227 1448 valuit
1249 1389 1339 1469 quod,
1371 1408 1461 1468 quum

93 1538 96 1543 .
207 1486 339 1560 Augusti
362 1493 453 1547 atate
477 1485 575 1565 poesis
598 1486 711 1548 Latina
733 1487 770 1548 ad
792 1507 940 1549 summum
957 1490 1101 1568 perducta
1119 1496 1211 1561 esset,
1232 1490 1286 1551 eol.
1304 1508 1346 1550 or.
1363 1488 1460 1569 scrip-

208 1600 289 1651 tores
308 1586 390 1665 justo
413 1584 534 1666 propios
557 1586 595 1646 ad
611 1587 640 1668 ¹)
665 1596 820 1667 poetarum
843 1588 959 1650 dicendi
981 1608 1072 1669 genus
1093 1598 1303 1664 accesserunt;
1327 1589 1356 1650 id
1379 1589 1459 1670 quod

208 1669 328 1752 minime
351 1686 457 1749 mirum
489 1686 648 1761 uidebitur,
676 1688 701 1748 ai
729 1707 835 1769 pueros
864 1688 893 1749 in
917 1689 1027 1750 sobolis
1049 1690 1078 1750 io
1103 1689 1200 1769 poetis
1221 1688 1408 1770 explicandis
1430 1698 1460 1749 et

117 1816 119 1821 ·
206 1787 374 1855 ediscendis
393 1795 527 1877 uersatos
549 1807 615 1849 esse
638 1788 825 1868 cogitaveris.
858 1789 933 1865 Quae
956 1809 1044 1870 quum
1067 1791 1111 1852 ita
1132 1790 1204 1863 sint,
1225 1810 1297 1851 sane
1320 1789 1459 1853 nnumi-

206 1912 314 1966 remur,
347 1888 477 1950 solutam
508 1887 673 1950 orationem
698 1889 763 1950 =hoo
796 1899 930 1971 tempore
953 1891 1071 1971 poetico
1104 1891 1188 1971 quasi
1212 1891 1309 1953 colore
1335 1891 1460 1953 tinctam

205 2013 284 2069 esse3
314 1990 446 2077 maxime
469 2006 539 2050 vero
561 1990 710 2052 rationem
732 1992 931 2072 syntecticam
954 2001 1112 2072 poetarum
1135 1992 1290 2054 imitantes
1313 1992 1460 2072 posterio-

205 2114 251 2157 res
273 2115 292 2156 a
314 2099 446 2155 veterum
470 2089 608 2171 loquendi
630 2110 735 2171 genere
757 2091 952 2154 deflexerunt.
983 2090 1085 2162 Quid?
1106 2092 1158 2154 illa
1174 2113 1244 2182 num
1261 2092 1373 2153 leviora
1388 2112 1459 2153 cen·
1486 2154 1488 2160 ,

204 2206 265 2268 sca,
298 2191 376 2277 quod
410 2190 592 2272 eloquentia,
626 2211 692 2272 quae
714 2201 804 2255 aetate
832 2192 983 2256 Ciceronis
1005 2193 1090 2274 quasi
1113 2193 1215 2255 nutrix
1238 2212 1319 2273 purae
1342 2204 1374 2256 et
1396 2194 1458 2254 ele-

204 2296 306 2377 gantis
328 2291 474 2357 orationis
497 2293 612 2364 luerat,
630 2293 780 2355 obmutuit
802 2302 833 2355 et
854 2294 883 2356 in
907 2294 1030 2356 exitium
1054 2294 1133 2356 ruit?
1167 2294 1272 2375 Neque
1296 2294 1374 2356 enirn
1398 2295 1458 2355 ullo

205 2398 291 2459 tnodo
312 2392 376 2458 lieri
398 2393 507 2472 potuit,
529 2392 609 2473 quin,
632 2412 722 2475 quum
745 2395 808 2456 loro
830 2395 954 2457 detrusa
975 2395 1004 2456 in
1027 2395 1187 2458 rhetorum·
1202 2395 1376 2457 umbracula
1394 2407 1458 2457 tru-

203 2499 294 2561 dncta
320 2505 411 2569 esset,
440 2494 503 2567 ubi,
525 2513 615 2575 quum
637 2495 667 2556 io
690 2495 788 2557 causis
809 2495 888 2559 lictis
910 2505 1091 2569 versaretur,
1113 2495 1305 2570 omniomi,
1342 2506 1457 2559 naturae

203 2598 275 2661 nihil
299 2595 497 2668 tribuebatur,
525 2596 660 2658 umbram
685 2597 823 2659 modoet
846 2597 976 2677 speciem
999 2596 1136 2677 pristinae
1156 2596 1361 2676 amplitudinis
1384 2597 1457 2657 reti-

202 2709 293 2762 neret.
326 2697 520 2777 Quapropter
546 2695 687 2777 quoniam
711 2707 855 2769 oratores,
877 2698 1126 2778 quemadmodum
1149 2697 1178 2758 in
1203 2697 1290 2758 rebus
1314 2696 1353 2758 ab
1376 2697 1455 2758 onroi

203 2801 330 2863 veritate
364 2796 486 2861 rernctis
515 2797 617 2857 studia
639 2797 792 2860 hominum
815 2799 984 2860 excitarent
1006 2817 1163 2878 eorernque
1187 2798 1302 2859 anirnos
1324 2817 1456 2876 occupa—

201 2913 249 2963 tos
270 2909 417 2971 tenerent,
440 2896 625 2972 nesciebant,
648 2900 750 2972 verba,
773 2917 830 2959 non
855 2919 901 2958 res
924 2908 1119 2980 sequerentur
1134 2919 1254 2960 necesse
1272 2909 1347 2960 erat.
1382 2899 1455 2960 lnde

201 3003 361 3082 aucupium
381 2999 454 3062 illud
471 2999 636 3059 verborum
658 3000 827 3060 sonantium
851 3010 881 3060 et
903 3019 1057 3072 novorum,
1091 3000 1159 3061 inde
1182 2999 1364 3079 argutiarum
1388 3010 1455 3059 stu-

200 3105 280 3166 dium
313 3113 344 3165 et
376 3098 503 3164 audacia
535 3099 778 3173 translationum,
811 3099 880 3161 inde
908 3103 1045 3180 licquens
1074 3120 1142 3162 usus
1165 3100 1295 3162 locorum
1319 3120 1455 3161 counnu-

201 3204 292 3277 oium,
324 3203 430 3284 quibus
462 3200 581 3261 utendis
614 3200 730 3261 animos
764 3201 971 3281 praestringere
998 3209 1029 3262 et
1057 3202 1141 3282 quasi
1171 3201 1259 3262 lerire
1281 3200 1453 3262 studebant.

87 3332 90 3339 ·
200 3307 248 3368 Ita
269 3324 324 3386 pro
346 3323 423 3384 pura
444 3311 475 3362 et
496 3301 669 3380 incorrupta
691 3302 904 3363 cousuetudine
926 3302 1140 3383 dicendique
1162 3311 1353 3363 aureaaetate
1370 3301 1453 3381 vige·

200 3407 264 3480 bat,
298 3404 460 3469 artificiosa
492 3401 629 3483 quaedam
663 3411 694 3462 et
727 3412 836 3483 arguta
869 3403 1006 3486 et·qnasi
1029 3411 1167 3465 contorta
1189 3403 1286 3464 oratic
1309 3414 1375 3464 orta
1396 3412 1452 3464 est.

200 3507 241 3569 m
266 3507 407 3589 quoniam
431 3503 574 3585 plerique,
595 3501 644 3582 qui
666 3523 699 3564 se
723 3504 760 3564 ad
782 3504 1215 3576 scribendurncontulerant,a
1232 3522 1370 3584 perverso
1383 3503 1452 3564 rhe-

197 3618 296 3671 torum
320 3626 400 3669 more
423 3604 539 3685 abrepti
562 3603 748 3677 ferebantur,
770 3605 832 3666 lieri
855 3624 913 3666 noo
938 3604 1047 3685 potuit,
1068 3604 1136 3685 quin
1160 3624 1224 3684 quae
1246 3604 1387 3684 cujusque
1410 3603 1452 3665 rei

197 3718 299 3797 essent
327 3706 448 3787 propria
469 3725 583 3785 genera
604 3704 723 3767 dicendi
746 3701 1052 3794 coufundereutnr2).
1094 3701 1175 3774 Quid
1198 3705 1298 3766 dicam
1321 3705 1357 3765 de
1379 3724 1452 3767 con-

196 3810 354 3872 suetudine
387 3807 608 3878 recitationum,
641 3824 707 3886 quae
739 3816 803 3867 tum
837 3806 957 3887 vigebat
989 3815 1020 3868 et
1046 3806 1075 3868 in
1097 3806 1273 3868 immensum
1297 3805 1451 3884 serpebat,

196 3888 294 3973 donne
317 3907 475 3991 plurimum
498 3906 535 3967 ad
559 3905 688 3986 linquam
711 3906 746 3967 L.
761 3906 980 3988 inquinandam
1003 3906 1114 3981 valuit,
1136 3906 1246 3988 quippe
1267 3906 1375 3986 quibus
1390 3925 1448 3967 non

195 4020 256 4074 tam
286 4012 316 4075 id
338 4017 537 4090 spectaretur,
570 4015 603 4069 ut
625 4026 691 4088 qnae
713 4006 743 4068 in
765 4008 885 4087 scriptis
909 4017 1011 4070 essent
1035 4007 1143 4069 vitiose
1165 4006 1388 4087 corrigerentur
1411 4042 1448 4051 —

194 4113 224 4174 id
256 4114 333 4195 qnod
362 4110 399 4173 iis
427 4127 519 4170 aurea
544 4117 636 4169 aetate
662 4108 846 4190 propositum
868 4118 936 4189 erat
959 4144 994 4154 -
1020 4128 1108 4189 quam
1131 4119 1164 4170 ut
1184 4106 1346 4187 scriptores
1369 4108 1449 4187 apud

193 4213 358 4294 quamlibet
379 4228 519 4273 coronam
543 4226 680 4287 maguam
702 4209 760 4271 sibi
783 4209 899 4270 leodem
923 4208 1153 4289 compararent?
1185 4207 1259 4269 Alia
1281 4227 1371 4270 causa
1394 4209 1449 4268 de-

193 4314 378 4394 pravationis
400 4308 549 4372 sermonis
570 4308 640 4370 inde
663 4309 826 4391 repetenda
835 4319 895 4383 est,
910 4311 987 4390 quod
1004 4319 1035 4371 et
1050 4309 1211 4371 multitudo
1227 4308 1447 4388 peregrinorum

236 4522 260 4600 Ι)
282 4530 435 4603 Renhatdy
458 4530 530 4586 220.
558 4526 632 4584 Dial.
655 4527 690 4583 de
711 4545 750 4586 or.
773 4528 823 4584 20.

234 4608 262 4693 ²)
282 4618 435 4690 Renbardy
456 4618 529 4675 282.
