3308 5182
271 380 291 445 8

229 544 337 623 Poetae.
361 578 414 640 pro
436 580 471 622 eo
493 560 572 642 quod
595 562 748 624 veteribus
770 547 1000 621 usitatissimum
1023 567 1087 620 est:
1109 558 1138 620 in
1161 557 1262 619 animo
1284 556 1391 631 lrabso,
1413 553 1486 619 mibi

229 671 277 723 est
298 661 329 722 iu
344 650 462 723 'aa-imo.
506 662 672 737 Ammiano,
695 681 754 724 vox
777 679 840 741 arg.
864 660 975 735 aetatis,
1006 658 1039 742 1)
1060 687 1093 712 =
1114 658 1352 721 animadvertere
1373 658 1414 720 N.
1436 658 1487 721 41.

229 782 296 838 cum
320 772 499 825 annotasset
519 764 701 843 insculptum
726 773 919 824 monumento
942 760 1069 822 militum
1092 759 1226 831 Gallum,
1248 759 1283 842 2)
1304 787 1338 811 --
1359 759 1396 820 01
1413 777 1487 840 poe-

229 882 298 926 nam
332 863 490 944 designare
521 863 586 927 Cal.
609 858 658 927 27.
688 850 806 926 noxiosi
826 862 985 924 laniandos
1018 861 1188 934 annotavit,
1221 859 1256 942 3)
1279 870 1425 922 annotare
1448 858 1487 921 li-

230 964 316 1026 brum
344 992 382 1016 ·=
415 964 494 1026 notis
516 966 565 1025 ad
601 946 816 1027 illustrandum
849 963 1002 1025 instruere
1033 960 1086 1024 Gr.
1108 957 1204 1045 24¹).
1257 960 1404 1022 Annona·
1423 960 1488 1022 -ari

203 1080 207 1086 ·
230 1075 335 1144 posset
356 1064 395 1126 A.
418 1063 469 1137 49,
491 1065 570 1127 crede
592 1066 777 1127 annunciata
801 1063 867 1126 Vit.
890 1057 961 1146 7²).
980 1060 1195 1126 -Ameamtoto
1217 1063 1312 1142 Vesp.
1326 1062 1356 1122 2.
1379 1059 1489 1123 ”mnes

183 1212 186 1221 ,
230 1164 319 1226 orant
342 1165 395 1225 vel
410 1166 500 1237 servi,
523 1166 572 1246 qni
596 1175 668 1228 ante
690 1163 1076 1226 dominosmultitudinem
1098 1163 1340 1235 summovebant,
1363 1163 1410 1223 vel
1433 1162 1488 1223 bo-

231 1265 328 1327 mines
361 1265 457 1335 liberi,
490 1266 541 1347 qui
574 1266 662 1328 officii
690 1285 783 1328 cansa
812 1274 968 1327 senatores
991 1299 1086 1311 -—
1108 1261 1340 1344 praecedebant·
1361 1264 1488 1343 Baomg.

14 1426 18 1437 ,
114 1412 118 1427 .
232 1365 318 1429 Orus.
362 1364 571 1429 Antecesserat
594 1366 722 1445 agurinis
745 1365 809 1429 Vit.
835 1359 883 1437 17,
915 1374 1122 1427 antecursores
1143 1364 1257 1438 Caesar,
1290 1383 1490 1444 praecursores

231 1465 334 1529 Livius
358 1465 457 1528 habet.
502 1465 685 1550 Antoca'porc
707 1476 832 1529 mortem
855 1465 924 1529 Tib.
947 1464 996 1528 61.
1019 1465 1065 1529 Cl.
1088 1466 1223 1528 21.(110.
1246 1461 1314 1527 Att.
1334 1466 1364 1528 8.
1392 1466 1437 1528 14.
1460 1468 1489 1528 2.

232 1566 411 1630 molestiam.
434 1564 569 1630 Antrum
591 1587 645 1649 pro
666 1569 819 1650 spelunca,
841 1587 943 1648 specu,
965 1586 1097 1637 caverna
1120 1567 1354 1657 mesenae.
1389 1566 1491 1630 ,40010

233 1669 271 1730 N.
294 1669 344 1730 23.
373 1669 484 1732 Justin.
507 1669 634 1732 Sallust.
688 1666 809 1731 Anaioa
837 1670 935 1750 J'unot.
959 1689 1035 1731 cunr·
1055 1667 1129 1730 ''de'’
1162 1667 1227 1731 cal.
1253 1668 1302 1743 19,
1334 1687 1403 1731 cum
1431 1669 1490 1732 abl.

233 1770 275 1832 Ν.-
295 1767 350 1831 36.
378 1770 485 1832 Cicero
517 1780 547 1832 et
580 1770 685 1833 Caesar
710 1771 848 1833 absolute
877 1771 933 1832 hoc
955 1770 1078 1832 verbum
1102 1778 1227 1850 ponunt,
1260 1761 1371 1833 Livius
1391 1769 1492 1850 jungit

234 1890 300 1932 cnm
335 1871 468 1950 genitivo
481 1902 484 1906 ·
497 1871 543 1932 vel
572 1871 717 1944 ablativo,
749 1871 869 1933 Seneca
892 1870 961 1933 huic
983 1871 1049 1932 voci
1072 1856 1209 1950 adjunxit
1231 1869 1320 1945 circa,
1342 1871 1432 1933 ceteri
1453 1872 1491 1932 de

235 1971 283 2032 vel
306 1991 370 2052 pro.
414 1969 584 2056 Apparere.
618 1972 780 2035 Suetonius
814 1971 1190 2052 omittit-praepositionem
1213 1990 1251 2034 ex
1273 1979 1349 2052 post.
1373 1971 1402 2033 b.
1427 1990 1492 2034 ver-

234 2072 304 2134 bum
339 2072 422 2134 velut
444 2071 497 2135 Gr.
523 2073 571 2134 ll.
593 2091 741 2153 apparere
764 2073 810 2135 val
833 2073 879 2135 bis
903 2071 1058 2135 versiculis
1081 2081 1191 2152 potest,
1224 2072 1270 2136 Cl.
1293 2072 1345 2144 34,
1377 2072 1418 2135 A.
1441 2071 1491 2135 94.

234 2173 422 2235 documentis
445 2173 600 2254 apparuit3
622 2174 668 2236 ita
687 2174 836 2236 interdum
856 2173 938 2236 Plio.
958 2173 1053 2252 maj0r
1074 2184 1105 2235 et
1127 2170 1232 2242 Quint.
1248 2171 1278 2255 3)
1301 2173 1392 2236 locuti
1413 2185 1493 2236 sunt.

235 2273 352 2336 Oioere:
375 2293 475 2336 exre.
518 2273 742 2359 Apparitaaom
764 2278 859 2338 liaoere
883 2274 943 2336 Tit.
955 2268 983 2337 1.
1007 2273 1093 2336 (11.9
1115 2303 1146 2327 --
1168 2275 1371 2354 apparitorem
1385 2273 1494 2359 00004).

155 2391 158 2396 ’
222 2371 409 2458 Appellatio
444 2375 594 2438 Caesarnm
628 2376 811 2456 temporibus
847 2372 880 2460 1)
901 2376 919 2436 i.
944 2396 971 2457 q.
1002 2376 1175 2455 provocatio
1207 2373 1246 2436 A.
1269 2376 1319 2437 33.
1353 2375 1493 2439 (10116.

235 2475 273 2536 Ν.
301 2472 346 2538 17.
369 2475 437 2556 Dig.
464 2477 500 2559 2)
515 2496 555 2529 ‘=
584 2495 692 2538 nomen
722 2476 760 2538 A.
787 2476 999 2552 1001005.
1033 2476 1068 2538 T.
1090 2475 1141 2536 48.
1175 2474 1209 2538 O.
1232 2471 1280 2538 17.
1310 2488 1366 2539 cet.
1401 2477 1494 2542 Simi-

235 2576 307 2637 liter
328 2576 480 2656 appellars
500 2606 533 2631 =
555 2596 726 2658 provocare.
789 2577 903 2662 Aptare
936 2577 1077 2639 annulum
1112 2577 1204 2656 digito
1239 2578 1274 2639 T.
1301 2572 1354 2653 733
1386 2587 1495 2658 aptare

235 2668 337 2739 naves'
356 2679 392 2738 T.
415 2676 455 2741 65
482 2707 515 2731 =
543 2679 690 2740 instruere
713 2699 805 2740 navas
838 2679 917 2740 omni
945 2688 1122 2739 ornarnento
1145 2677 1227 2760 (Liv.
1250 2679 1300 2742 30.
1328 2676 1389 2764 10).
1424 2679 1495 2739 Vox

237 2777 337 2853 Livio,
358 2779 581 2864 Posterioribus
603 2779 732 2855 usitata3
764 2780 869 2843 Cicero
893 2781 984 2842 hebet
1006 2779 1205 2860 participium,
1237 2781 1313 2860 quod
1338 2792 1385 2843 est
1405 2790 1495 2861 apta·

238 2889 298 2954 tua,
322 2879 562 2960 frequentissime
585 2889 685 2942 autern
709 2881 832 2942 verbum
857 2879 1132 2943 '’accommodare''
1175 2877 1308 2964 Aquilam
1330 2880 1428 2964 (color
1451 2890 1497 2944 est

238 2980 398 3043 subluscns
427 2989 458 3042 et
480 2980 575 3064 niger)
607 2982 647 3043 A.
671 2977 720 3045 79.
743 2981 851 3043 Varro.
896 2979 1051 3065 Arescoio,
1086 3000 1186 3043 rainus
1220 2982 1370 3044 arefactus
1403 2984 1496 3064 Vesp.

239 3079 267 3142 5.
289 3081 367 3144 (lato
388 3082 510 3145 Lucret.
534 3082 633 3144 Varro
655 3081 732 3145 Gell.
756 3081 872 3145 Oelsus.
915 3081 1062 3165 Arripere
1084 3083 1114 3144 in
1137 3101 1226 3163 quam
1249 3079 1354 3165 (sensu
1371 3084 1494 3148 obscoe-

240 3180 294 3266 no)
316 3182 356 3244 A.
378 3180 541 3245 teman.
585 3181 771 3245 Artissimis
799 3185 920 3246 morbus
953 3183 1054 3246 Galba
1086 3185 1136 3246 21.
1186 3182 1297 3264 Appul.
1330 3183 1434 3248 Cicero
1467 3197 1498 3248 et

131 3364 134 3369 .
240 3282 346 3345 Celsus
368 3282 500 3345 dolorem
523 3295 652 3356 artuum,
676 3284 870 3347 articulorum
894 3283 1015 3346 babent.
1059 3284 1157 3346 Artos
1168 3303 1205 3348 ·a
1225 3302 1343 3346 annona
1356 3287 1391 3348 T.
1403 3286 1432 3349 8.
1451 3287 1496 3351 Cl.

242 3381 289 3444 18.
311 3381 462 3447 Galba-7.
492 3384 578 3448 Artae
601 3403 728 3448 annonae
750 3386 912 3466 opponitur
935 3385 1005 3447 laxa
1027 3385 1094 3448 Liv.
1117 3387 1146 3449 2.
1169 3385 1218 3446 52.
1242 3384 1311 3446 ”ubi
1334 3406 1399 3450 cnm
1423 3407 1497 3468 pace

240 3483 337 3581 leuior
370 3505 491 3547 annona
523 3486 644 3561 rediit'’;
676 3486 837 3548 artissime
870 3487 1001 3560 tenebre
1034 3487 1073 3549 N.
1095 3485 1137 3548 46
1158 3514 1190 3538 =
1212 3484 1395 3551 densissimae
1418 3488 1498 3571 apud

240 3584 321 3645 alios·
343 3586 513 3666 scriptores.
569 3584 794 3650 Arandinetam
815 3615 848 3675 ²ss
871 3587 954 3649 locus
987 3586 1185 3649 arundinibus
1219 3586 1352 3650 consitus
1385 3590 1425 3652 N.
1447 3588 1497 3654 48.

285 3811 311 3890 1)
334 3818 380 3875 cu
402 3820 562 3894 Lagergren
586 3823 656 3879 120.

286 3904 312 3978 ²)
335 3907 432 3978 Neque
455 3909 581 3966 Klotaius
603 3926 693 3980 neque
715 3910 846 3967 habmus
867 3915 972 3977 monet,
995 3911 1158 3969 Suetonium
1179 3911 1233 3965 bac
1256 3926 1322 3965 voce
1337 3927 1415 3964 usum
1431 3926 1499 3966 esse.
1567 3910 1570 3915 ’

287 3990 312 4066 ³)
334 3994 381 4050 cfr
403 3994 581 4055 Tdrneblodh
603 3997 697 4064 Quint.
721 4017 749 4070 p.
775 3998 825 4054 21.

287 4077 312 4154 ι)
335 4081 444 4139 Similes
467 4083 621 4140 locutiones
654 4085 729 4156 apud
762 4085 939 4142 Suetonium:
974 4085 1058 4157 Vesp.
1084 4085 1111 4141 1.
1135 4082 1293 4140 coactiones
1326 4082 1502 4157 argentarias

242 4171 383 4233 factitare,
419 4169 477 4226 vit.
505 4172 518 4226 l
545 4170 697 4245 furnariam
733 4189 868 4243 exercere,
903 4173 937 4227 V.
964 4173 1012 4229 16.
1036 4171 1240 4244 negotiationes
1261 4186 1397 4238 exercere,
1432 4172 1500 4228 Hor.

242 4258 378 4328 scriptum
400 4258 578 4327 quaestorium
602 4275 765 4329 comparare
787 4261 806 4314 i.
819 4276 843 4315 0.
867 4259 986 4314 officium
1009 4259 1106 4316 scribe
1127 4256 1268 4328 quaestorii
1290 4255 1342 4312 Bc.
1366 4250 1499 4315 010110.

211 4410 213 4415 y
244 4344 317 4400 Gall.
343 4347 371 4399 6.
397 4346 425 4399 9.
449 4345 585 4415 scriptum
607 4345 753 4400 lacere:
766 4346 887 4402 scribam
910 4363 977 4410 esse,
999 4346 1030 4402 C.
1054 4347 1093 4401 39
1118 4345 1198 4400 edere
1220 4343 1501 4401 athletas=·arum
1553 4342 1557 4347 ’

245 4431 415 4503 spectacula.
453 4431 504 4486 His
526 4431 660 4502 exemplis
682 4432 823 4489 addantur
844 4433 917 4488 hac:
941 4432 1056 4505 genesin
1076 4433 1180 4487 habere
1201 4432 1422 4502 imperatoriam,
1444 4433 1502 4487 foe·

246 4536 298 4573 nus
320 4534 455 4583 exercere,
478 4519 622 4589 publicum
645 4535 739 4589 agere,
761 4520 937 4575 tribunatum
959 4535 1065 4575 merere
1088 4518 1183 4589 (Vesp.
1209 4518 1250 4589 2),
1285 4519 1332 4588 nbi
1356 4519 1503 4594 legendnm

247 4607 290 4660 est
311 4605 449 4671 tribunus,
473 4608 505 4662 ut
528 4605 631 4679 legitur
653 4604 709 4663 Tit.
735 4608 764 4664 4.
787 4605 832 4663 sio
853 4604 906 4663 130.
1359 4609 1362 4616 ’
