3308 5182
236 370 279 460 94,

194 541 235 605 64
267 542 424 633 nelibelli
448 545 682 625 quos-tenebat¹
701 544 914 624 madefiereqt,
937 543 1032 621 dul
1061 544 1112 605 diu
1134 552 1299 619 cunctatus
1320 563 1361 607 an
1384 564 1455 626 quae

194 651 402 724 proposuerat
425 644 569 719 differret,
601 644 642 707 Α.
671 640 711 725 79
732 644 901 707 inhibitum
925 645 1140 707 confessussit
1167 644 1326 725 quominus
1345 656 1380 709 ut
1400 646 1457 707 de-

85 748 88 753 '
195 744 342 835 stinarat,
375 744 443 809 cal.
474 745 516 809 28
542 746 637 819 ,oravi
659 753 694 809 ut
716 746 798 825 quod
821 745 937 820 evenit,
959 745 1101 821 Cal.,34.
1128 765 1182 808 cur
1204 746 1282 809 onim
1305 747 1368 809 sibi
1392 765 1454 809 non

196 845 298 918 licere,
332 845 446 920 dicens,
463 926 465 933 Ι
480 847 564 928 quod
591 845 718 909 Platoni
740 846 880 923 licuisset
901 846 955 926 qui
978 866 1044 908 eum
1068 866 1085 907 e
1107 846 1238 909 civitate
1261 866 1352 929 quam
1376 866 1455 913 coo-

197 945 351 1011 stituebat
378 946 516 1026 ejecerit,
539 947 578 1008 N.
603 946 644 1009 46
659 947 746 1009 uidit
767 966 825 1026 per
842 947 978 1033 quietem
1002 966 1115 1009 navem
1140 947 1201 1009 sibi
1224 984 1264 993 —
1287 984 1324 994 ·-
1348 958 1456 1010 astur-

197 1066 316 1135 conem,
339 1066 400 1128 quo
424 1047 559 1111 maxime
583 1047 760 1121 laetabatur,
782 1048 850 1110 Vit.
878 1048 914 1109 14
936 1049 1152 1119 exacerbatus
1167 1049 1247 1129 quod
1272 1058 1345 1130 post
1367 1048 1455 1111 edic-

197 1156 262 1211 tum
283 1167 372 1210 snum
395 1168 456 1230 qno
475 1148 658 1228 jubebat-
682 1184 718 1193 -·
742 1149 922 1230 propositus
945 1157 1001 1223 est,
1024 1149 1121 1230 Vesp.
1145 1150 1165 1210 4
1188 1150 1302 1213 dicitur
1324 1169 1456 1232 expres,

196 1249 287 1336 sisse..
303 1249 408 1327 juveni
442 1250 490 1311 rui
525 1251 719 1330 impetrarat.
765 1250 875 1331 Neque
904 1258 1007 1312 tamen
1031 1270 1197 1332 numquam
1222 1270 1340 1325 morem
1363 1262 1454 1316 rete-.
1543 1259 1547 1266 '

196 1370 263 1435 rum
296 1361 419 1413 secutus
441 1357 500 1429 est,
529 1352 614 1415 velut
636 1352 672 1415 T.
696 1353 715 1413 3
737 1352 862 1413 notamt
884 1352 965 1433 quod
988 1352 1131 1426 luissent,
1153 1350 1223 1415 vir.
1250 1353 1261 1413 l
1289 1361 1397 1425 exstat
1418 1353 1456 1414 li·

197 1452 295 1540 bellus
318 1471 380 1533 quo
398 1453 581 1519 continetur
604 1488 640 1498 -
664 1451 807 1526 Vitellia,
830 1472 897 1533 quae
920 1451 1084 1516 coleretur.

279 1552 315 1615 In
340 1553 558 1617 consecutione
581 1562 756 1635 temporum
787 1554 1098 1625 animadvertendum
1122 1563 1171 1617 est
1192 1557 1277 1637 apud
1300 1556 1452 1619 neminem

197 1654 383 1735 scriptorem
417 1655 609 1737 frequentius
643 1674 732 1735 quam
755 1656 836 1734 apud
860 1655 1042 1718 Suetonium
1065 1658 1237 1736 perlectum
1261 1656 1454 1737 conjunctivi

133 1756 138 1764 ’
198 1764 320 1837 tempus
354 1756 535 1820 historicum
570 1757 667 1838 sequi.
712 1756 820 1836 Nepos
843 1755 922 1818 euim
947 1765 977 1817 et
995 1738 1158 1837 ‘Livios¹),
1182 1775 1258 1838 qnos
1280 1757 1453 1829 Suetonius

198 1855 257 1918 hoo
290 1856 321 1918 in
356 1876 468 1937 genere
501 1866 626 1921 secutus
660 1865 717 1929 est,
751 1855 968 1937 imperfectum
1002 1857 1192 1935 conjunctivi
1220 1859 1336 1940 saepius
1358 1877 1452 1940 qnam

195 1958 371 2038 perfectum
393 1958 474 2037 conj.
499 1949 758 2040 adhibuerunt⁹).
803 1958 968 2038 Exemplis
991 1977 1055 2020 rem
1085 1959 1242 2022 illustrare
1265 1978 1455 2039 supervaca-¹

197 2075 287 2123 neom
312 2059 447 2121 forsitan
471 2058 523 2132 sit,
537 2079 627 2140 quum
650 2058 821 2138 praesertim
844 2050 1016 2143 Draeger³)
1039 2060 1076 2120 de
1099 2059 1160 2122 bac
1182 2080 1215 2122 re
1238 2059 1365 2123 uberius
1388 2060 1456 2123 dis-

196 2158 331 2247 putarit.
375 2161 449 2223 ,lam
484 2179 558 2223 vero
591 2158 667 2243 illud
702 2158 797 2221 multo
821 2161 923 2240 magis
945 2161 1147 2223 memorabile
1170 2169 1229 2233 est,
1251 2161 1454 2234 Suetonium,

197 2259 224 2321 si
259 2259 443 2340 imperfecto
466 2260 658 2339 conjunctivi
682 2280 756 2323 usus
780 2268 838 2334 est,
861 2280 927 2322 cum
952 2260 1012 2322 hoc
1034 2260 1218 2343 imperfecto
1241 2254 1455 2342 perfectum⁴)

195 2361 343 2433 sociasse,
375 2370 410 2423 ut
442 2361 491 2424 his
529 2361 723 2441 temporibus
745 2362 811 2424 iere
844 2363 1018 2442 promiscue
1045 2381 1121 2438 osus
1145 2382 1213 2425 esse
1236 2363 1392 2437 videatur,
1416 2362 1452 2425 (l.

194 2460 235 2524 39
250 2470 379 2540 tautum
415 2462 554 2544 undique
587 2463 737 2525 confluxit
765 2463 920 2524 hominurn
950 2469 984 2524 ut
1006 2462 1145 2544 plerique
1170 2499 1207 2509 -
1231 2471 1394 2526 manerent
1414 2482 1452 2525 ao

196 2581 278 2642 saepe
302 2598 339 2607 --
365 2599 402 2607 -
426 2563 659 2645 exanimatique
682 2564 756 2638 sint,
779 2564 819 2624 N.
845 2562 884 2624 25
907 2572 1028 2626 tentum
1054 2565 1136 2626 aluit
1157 2584 1177 2625 a
1199 2564 1389 2626 remittendo
1412 2600 1452 2609 -—

197 2699 233 2709 -
259 2672 295 2729 ut
314 2663 499 2751 ‘appellaret
521 2684 620 2746 neque
642 2664 744 2745 egerit
764 2699 804 2710 —
827 2700 867 2710 —
891 2664 1059 2745 multisque
1082 2664 1231 2728 obtulerit
1252 2665 1304 2733 vel
1325 2665 1452 2728 indixe-

197 2764 248 2825 rit.
293 2764 392 2828 Plura
424 2766 570 2845 exempla
602 2765 802 2846 inveniuntur
831 2766 921 2846 apud·
937 2765 1086 2827 Rothium
1099 2757 1138 2849 ⁵),
1159 2757 1337 2848 Draegerssl.
1382 2766 1453 2829 Hoc

196 2865 344 2946 loquendi
377 2886 473 2946 genus
507 2866 617 2929 Cicero
651 2876 682 2928 et
703 2859 849 2947 lleesarf)
872 2884 1000 2947 prorsus
1023 2858 1186 2946 aspernati
1209 2875 1293 2931 aunt.
1338 2866 1452 2928 Poste-

199 2967 297 3029 riores
319 2986 439 3049 quoque
462 2968 562 3030 rarius
585 2969 631 3031 ita
654 2968 751 3030 locuti
774 2978 857 3031 sunt.
902 2968 1086 3030 Suetonium
1110 2970 1251 3048 perlecto
1274 2968 1453 3048 conjuncti·

199 3067 228 3129 vi
261 3067 354 3130 valde
389 3070 576 3131 delectatum
610 3089 689 3142 esse,
726 3069 818 3131 facile
852 3067 961 3131 estad
986 3068 1345 3148 intelligendum3adde
1368 3069 1451 3149 quod

197 3170 354 3232 modestia
376 3171 512 3251 quadam
535 3170 690 3249 adductus
713 3189 800 3232 suam
824 3169 1014 3232 seutentiam
1039 3169 1077 3230 de
1100 3170 1204 3250 aliqua
1227 3170 1452 3250 repletumque

197 3272 337 3353 perfecto
360 3270 548 3351 conjunctivi
576 3274 697 3352 profert
708 3263 746 3354 8),
759 3265 833 3334 Ab
856 3271 936 3341 satis
958 3279 1045 3332 certa
1057 3271 1246 3351 probatione
1258 3271 1456 3347 tradiderim,

196 3371 265 3435 cel.
288 3372 330 3443 bl
351 3392 411 3435 oon
435 3373 588 3453 immerito
616 3373 730 3435 mentis
752 3372 937 3435 valetudine
960 3371 1171 3444 attribuerim,
1194 3373 1234 3434 N.
1251 3372 1288 3433 13
1311 3391 1371 3435 nou
1392 3374 1453 3434 im·

196 3473 309 3536 merito
342 3473 514 3536 retulerim.
558 3473 664 3537 Etiam
694 3493 832 3555 praesens
856 3472 1045 3552 conjunctivi
1069 3472 1251 3552 potentialis
1273 3473 1357 3554 apud
1381 3492 1452 3536 eum

246 3659 272 3729 ¹)
294 3662 430 3717 Kiibnast
452 3678 478 3730 p.
502 3650 567 3715 216Ι
587 3678 626 3729 sq.

240 3737 264 3813 ²)
287 3751 399 3821 Draeger
419 3748 490 3803 Hist.
513 3747 538 3802 S.
561 3766 587 3817 p.
612 3747 684 3810 242,
709 3747 768 3801 249
777 3768 784 3812 ;
809 3747 920 3816 Draeger
941 3744 1005 3800 Tac.
1028 3763 1055 3815 p.
1079 3745 1127 3797 61.

238 3820 264 3904 ⁸)
285 3839 357 3893 nise.
382 3837 407 3892 a.
429 3854 456 3906 p.
476 3835 534 3913 24¹
560 3852 600 3904 eq.

240 3920 266 3996 ⁸)
288 3927 328 3981 De
360 3923 517 3979 discrimine
550 3923 648 3977 henim
675 3923 831 3990 temporum
854 3919 917 3974 vide
938 3918 1061 3989 Madvig.
1085 3915 1154 3971 383.
1178 3917 1211 3980 l;
1234 3915 1373 3971 R.·Haase
1394 3919 1453 3972 not.

195 4017 266 4073 479.

239 4101 264 4172 ⁶)
285 4098 364 4155 Praef.
386 4115 413 4168 p.
437 4097 485 4152 35.

240 4186 265 4259 θ)
287 4187 358 4243 ura
380 4182 413 4260 a,
431 4185 501 4239 247.

242 4269 266 4345 1)
288 4274 334 4329 cfr
360 4276 456 4329 tamen
479 4268 603 4333 Kumlin,
636 4267 771 4323 Latinska
794 4267 927 4337 Sprbkets
948 4264 1166 4336 temporeltoljd.
1189 4281 1215 4333 p.
1240 4265 1290 4325 55,
1313 4258 1362 4330 qui
1384 4276 1453 4314 non-

195 4364 274 4420 nulla
296 4360 423 4431 exempla
444 4375 459 4413 e
481 4356 612 4411 Cicerone
633 4358 662 4410 et
684 4354 789 4410 Caesare
816 4356 929 4423 profert.
952 4355 981 4408 in
1004 4353 1103 4422 quibus
1124 4356 1219 4406 tamen
1244 4349 1399 4420 perfectum
1421 4364 1451 4402 a·

197 4452 254 4508 liud
276 4466 360 4519 quam
382 4444 575 4516 imperfectum
597 4442 745 4514 significat.

240 4531 265 4610 ⁰)
287 4536 334 4593 Otr
356 4532 608 4606 Baumg.·(}rusinm
629 4531 645 4597 ἓ
670 4532 685 4585 7
710 4548 736 4600 p.
761 4530 832 4584 833.
