3308 5182
1351 410 1413 476 107-

197 593 380 658 Suetonium
403 602 520 669 exstat,
542 594 629 658 velut
651 593 687 658 Ο.
700 595 741 657 20
763 614 820 657 nec
842 612 996 677 quoquam
1014 599 1157 674 reperto,
1177 592 1230 656 A.
1245 586 1348 656 57.·0.
1364 584 1463 680 59¹).3

198 696 277 767 Quis
310 725 343 749 =
371 687 525 780 quibusl)
558 696 599 759 A.
629 693 669 756 36
701 697 733 759 in
757 696 838 778 quis,
859 693 901 758 A.
925 695 975 756 52.
1021 696 1195 758 Pronomeu
1219 693 1284 756 '’is‘’
1308 711 1451 775 saepe-a-

169 781 172 786 *
195 798 256 880 pud
292 797 475 861 Suetonium
505 795 678 880 participiis
700 797 841 861 additum
864 803 913 858 est
935 803 991 859 aut
1011 794 1163 876 singulari
1187 795 1321 879 quadam
1345 794 1375 856 vi
1398 801 1454 859 aut

194 897 432 979 perspicuitatis
455 917 562 970 causa,
585 897 637 960 uti
661 899 744 979 apud
767 897 906 978 optimos
929 896 1223 978 scriptoresomitti
1246 895 1339 968 solet,
1360 895 1450 957 velut

196 1001 234 1061 Τ.
257 999 297 1060 32
316 999 493 1061 'venientem
518 1018 585 1061 euru
610 1018 673 1078 nou
695 999 878 1073 admiserat,
900 996 941 1069 N.
964 996 1006 1061 39
1027 1005 1239 1062 transeuntem
1262 1016 1333 1059 euru
1345 989 1384 1082 ³).
1412 1031 1452 1042 -

197 1099 314 1162 ''Eum''
348 1118 405 1180 pro
438 1119 472 1162 se
494 1100 631 1180 positum
655 1108 704 1162 est
725 1099 792 1163 Cal.
816 1099 857 1161 34
879 1118 918 1161 ue
940 1099 994 1180 qui
1016 1097 1207 1180 respondere
1229 1098 1354 1180 possint
1372 1116 1456 1179 ,prae-

197 1207 245 1264 ter
268 1204 353 1276 euru,¹
370 1208 402 1267 et
423 1207 532 1263 contra
553 1201 594 1263 N.
617 1201 658 1263 35
680 1201 782 1284 ”quod
806 1218 839 1261 se
862 1198 1064 1287 incesserat’',
1085 1198 1136 1262 ubi
1152 1207 1209 1262 aut
1219 1219 1253 1284 se
1265 1198 1456 1268 incessisset,

197 1309 253 1362 aut
286 1320 353 1363 euru
374 1301 546 1387 incesserat
568 1310 741 1382 exspectes,
764 1301 861 1381 Vesp.
889 1300 938 1378 153
960 1299 1028 1362 ''ei’'
1051 1319 1108 1382 pro
1131 1299 1192 1363 sibi
1214 1299 1256 1362 N.
1280 1300 1321 1362 32
1343 1309 1377 1362 ut
1399 1316 1454 1380 pro

198 1400 329 1463 semisse
353 1401 488 1465 dextans
512 1403 538 1464 ei
561 1409 737 1483 cogeretur,
758 1398 857 1490 ss'sib‘i''
880 1421 937 1484 pro
960 1401 988 1464 ei
1011 1401 1046 1464 C.
1070 1400 1112 1463 34
1133 1408 1166 1462 et
1188 1419 1375 1483 quamquam
1397 1401 1454 1462 ob·

197 1502 319 1564 sidioue
344 1503 493 1565 Massilia
517 1523 582 1585 quse
605 1502 666 1566 sibi
689 1503 721 1566 iu
744 1504 854 1566 itinere
876 1513 986 1585 portas
1009 1503 1167 1565 clauserat
1188 1503 1368 1584 summaque
1392 1502 1455 1563 irn-

196 1602 353 1666 meutariae
376 1604 422 1668 rei
445 1605 578 1686 penuria
601 1605 785 1668 retardante
808 1605 896 1667 brevi
919 1613 1023 1668 tamen
1046 1602 1154 1666 omnia
1175 1603 1313 1686 subegit,
1336 1601 1376 1666 G.
1402 1603 1450 1663 12.

197 1704 248 1766 Ita
280 1704 375 1766 etiam
410 1705 464 1768 alii
498 1704 668 1788 scriptores
678 1699 707 1789 4)
731 1705 825 1769 locuti
848 1712 931 1770 sunt.
974 1707 1156 1768 *Transeunt
1178 1704 1260 1767 euim
1284 1701 1454 1767 referentes

198 1804 330 1868 aliorum
354 1805 531 1869 sententias
556 1809 658 1870 minus
682 1815 829 1894 accurate
851 1807 883 1872 iu
906 1826 1005 1871 suern.
1041 1806 1138 1869 Plura
1160 1805 1255 1886 hujus
1278 1805 1323 1868 rei
1347 1824 1455 1887 exem-

197 1905 251 1985 pla
282 1907 639 1986 Baumgerten-Crusius
672 1907 712 1971 ad
746 1908 813 1971 Gal.
848 1908 890 1983 34
921 1916 964 1971 et.
985 1909 1026 1971 N.
1061 1907 1102 1968 32
1134 1891 1313 1990 proaulic⁵)‚
1355 1906 1390 1969 (i.
1415 1901 1456 1967 74
1470 1949 1481 1981 ,

198 2006 425 2081 Philemonem,
458 2026 478 2068 a
506 2029 599 2072 mauu
621 2028 756 2083 servum,
779 2009 831 2091 qui
855 2029 959 2072 necem
982 2027 1070 2072 suam
1094 2026 1151 2089 per
1172 2026 1325 2070 venenum
1349 2006 1454 2069 inimi·
1593 2000 1595 2004 ’

197 2107 241 2168 cis
275 2107 476 2187 promiserat,
510 2130 571 2172 uon
611 2112 739 2192 gravius
773 2129 864 2192 quam
899 2108 1032 2192 simplici
1066 2115 1165 2171 morte
1199 2107 1334 2189 punivit.
1380 2107 1453 2170 Vox

199 2205 323 2270 ''suem'’
346 2208 385 2270 ad
408 2194 565 2273 Caesarem
588 2211 619 2274 h.
644 2212 664 2273 l.
690 2211 855 2274 referenda
877 2221 926 2273 est
937 2203 975 2293 6).
1197 2280 1201 2285 ,

281 2309 363 2372 Suus
398 2311 546 2394 quisque:
580 2313 639 2374 has
673 2331 766 2374 voces
793 2310 954 2374 nonnullis
977 2311 1054 2374 locis
1079 2309 1251 2374 Suetonius
1272 2309 1318 2371 ita
1339 2309 1455 2390 posuit,

202 2416 237 2470 ut
266 2410 297 2471 in
333 2429 426 2472 uuam
452 2414 608 2475 notionem
633 2413 720 2493 quasi
745 2413 932 2475 confluxisse
955 2413 1123 2475 videantur
1134 2402 1172 2494 ⁷).
1217 2409 1259 2473 A.
1284 2405 1325 2471 40
1347 2417 1382 2471 ut
1403 2408 1451 2472 sui

198 2510 345 2591 cujusque
379 2513 504 2585 mensis,
526 2514 680 2594 acciperet
712 2510 881 2596 (tesseras)
893 2505 930 2597 ⁸),
952 2513 993 2576 A.
1017 2511 1058 2576 66
1085 2511 1136 2575 sui
1160 2511 1308 2594 cujusque
1333 2509 1451 2573 ordinis

198 2611 365 2691 principes.
959 2600 962 2609 ⁴

282 2699 447 2774 Geuitivus
470 2713 663 2794 pronominis
685 2714 838 2788 reflexivi,
861 2716 943 2797 quod
966 2723 1015 2778 est
1036 2713 1097 2788 sui,
1108 2713 1266 2776 nonnullis
1279 2711 1355 2774 locis
1367 2711 1453 2792 apud

199 2811 382 2874 Suetonium
416 2824 593 2894 usurpatur,
627 2815 679 2877 ubi
714 2812 878 2897 exspectes
900 2836 1072 2896 pronomen
1094 2815 1308 2898 possessivum
1330 2811 1452 2887 ''suus'',

197 2922 231 2973 ut
263 2913 346 2994 apud
378 2922 489 2994 poetas
524 2923 557 2976 et
589 2935 654 2997 arg.
689 2917 794 2980 aetatis
818 2909 1052 3001 'scriptores⁹).
1097 2917 1133 2982 C.
1155 2917 1197 2978 30
1232 2914 1373 2978 adventu
1394 2912 1453 2987 sui,

203 3056 400 3068 *n-—n—--

243 3105 269 3186 ¹)
292 3113 337 3168 Ofr
359 3115 469 3170 Livium
492 3117 520 3176 3.
544 3120 591 3176 56.
616 3122 632 3174 6
656 3119 732 3174 haud
753 3136 893 3190 quoquam
915 3121 1100 3191 improbante.

240 3192 267 3273 ἰ
289 3201 381 3257 unua.
406 3203 454 3259 so.
477 3204 504 3259 a.

146 3318 151 3327 ·
240 3281 267 3357 ³)
289 3288 393 3344 Locum
414 3290 495 3344 illum
517 3291 549 3346 Α,
573 3292 611 3345 67
637 3289 751 3348 ”Thallo
773 3310 855 3348 crura
876 3295 901 3349 ei
924 3291 1022 3367 lregit”
1043 3294 1187 3367 eleganter
1210 3291 1301 3347 Bremi
1324 3292 1366 3344 ita
1385 3306 1451 3343 mn·

197 3375 280 3432 tavit:
304 3375 442 3447 effregit.⁸

241 3452 268 3529 ⁴)
290 3462 336 3517 oa
357 3464 470 3534 mages
493 3462 562 3518 mss.
584 3464 611 3519 s
633 3481 660 3535 p.
685 3467 723 3521 57
748 3483 797 3535 q.;
821 3466 950 3521 uuonan
973 3484 999 3537 p.
1025 3467 1095 3533 ron
1117 3455 1229 3536 during
1249 3465 1282 3520 v.
1298 3464 1327 3518 r.
1349 3481 1376 3533 p.
1390 3463 1439 3517 aa.

243 3543 269 3620 ὅ)
291 3548 338 3603 Otr
360 3552 495 3620 praet-erea
517 3549 609 3605 Madv.
631 3549 757 3621 Sprachl.
780 3552 796 3619 ὅ
819 3554 889 3608 490.
914 3555 940 3608 9.
1425 3584 1427 3587 ·

242 3628 268 3712 ⁶)
291 3635 362 3691 Vide
383 3636 439 3691 hac
460 3636 494 3691 de
515 3652 546 3692 re
568 3636 659 3694 Madv.
683 3640 755 3702 490,
778 3639 806 3702 b,
830 3640 966 3697 lt-Haase
988 3657 1015 3710 p.
1039 3640 1111 3696 384.

243 3716 269 3792 ²)
292 3722 338 3778 cfr
360 3724 472 3796 Draeger
505 3723 576 3780 Hist.
608 3723 634 3781 S.
657 3725 673 3792 ὅ
701 3728 749 3782 32.
773 3728 801 3792 2;
829 3727 975 3783 Ruhnken.
998 3725 1035 3782 ad
1056 3727 1087 3783 Α.
1112 3727 1163 3781 4οι
1186 3725 1331 3780 '’Dukerus
1352 3723 1389 3778 ad
1410 3721 1455 3776 Li·

199 3808 274 3862 vium
308 3811 334 3866 3.
369 3812 408 3866 22
431 3811 488 3866 t'ere
509 3810 608 3876 credit,
631 3811 746 3868 Latinos
767 3814 909 3869 interdum
929 3813 1030 3870 dixisse
1052 3812 1233 3884 enusquisque
1255 3814 1287 3868 ut
1309 3809 1454 3879 uuusquis-
1529 3842 1534 3853 ι

199 3911 263 3964 que.
296 3898 541 3968 quotusquisque?
586 3897 632 3953 oo
665 3899 797 3972 Agricola
829 3901 877 3957 Ed
912 3901 991 3957 Wex.
1029 3901 1165 3958 Mentissa
1191 3899 1225 3955 de
1247 3897 1454 3981 pronominibus

198 3983 378 4052 enusquisque
399 3989 428 4041 et
449 4004 529 4041 suum
551 3985 682 4055 quisque;
705 3987 797 4043 Madv.
820 3989 876 4050 cie,
898 3988 933 4044 de
955 3988 1014 4044 rin.
1039 3991 1066 4045 5.
1092 3990 1138 4044 17.
1162 3989 1211 4044 46.
1294 4030 1297 4034 a

244 4061 271 4137 ⁸)
308 4068 397 4126 ”Cave
428 4073 551 4145 corrigas
582 4091 662 4129 suum
694 4075 826 4148 cujusque
858 4076 968 4132 mensis.
1000 4076 1075 4132 Nam
1096 4079 1298 4146 quaternorum
1319 4070 1454 4127 mensium

198 4158 305 4212 tessere
327 4164 507 4226 opponuntur
529 4161 661 4232 cujusque
684 4162 783 4220 mensis
806 4164 924 4228 tesseris,
948 4166 980 4219 ut
1001 4164 1094 4234 potius
1114 4160 1330 4238 intelligendum
1351 4157 1389 4239 sit
1409 4175 1452 4211 su-

199 4260 246 4297 am
268 4260 316 4298 seu
338 4260 401 4298 suas
423 4246 555 4318 cujusque
578 4249 678 4304 mensis
699 4253 823 4310 tesseras.
867 4250 920 4306 Sed
944 4251 1085 4322 genitivus
1107 4242 1240 4322 cujusque
1261 4247 1292 4302 iu
1313 4244 1367 4301 tali
1381 4247 1453 4299 stru-

198 4332 279 4385 ctura
301 4330 405 4400 pendet
427 4349 445 4387 a
466 4335 628 4404 pronomine
655 4336 707 4401 sui,
730 4337 962 4407 quemadmodum
984 4340 1123 4394 nostrates
1144 4336 1297 4406 loquuntur
1318 4332 1393 4388 eines
1411 4331 1453 4402 je·

199 4416 254 4472 den
290 4417 349 4473 sein
382 4418 506 4475 Moueth.
528 4451 569 4462 --
603 4422 681 4478 lnira
706 4441 728 4478 c.
758 4425 796 4479 66
821 4425 863 4479 sui
885 4424 1017 4494 cujusque
1038 4425 1143 4480 ordinis
1165 4420 1312 4493 principes
1355 4416 1452 4487 Neque

200 4502 229 4558 id
250 4503 280 4558 in
302 4520 437 4560 concursu
459 4507 645 4578 genitivorum
667 4509 805 4567 offendero
825 4510 938 4576 debet’,
961 4511 1042 4567 Wolf
1060 4510 1136 4582 apud
1158 4507 1250 4565 Bromi
1272 4505 1309 4562 ad
1330 4504 1357 4559 h.
1381 4505 1398 4559 l.

242 4582 265 4652 ’l
287 4589 334 4647 cfr
355 4590 447 4652 Madv.
469 4592 506 4654 od
527 4591 582 4651 cie.
603 4595 638 4656 de
659 4596 719 4656 sin.
742 4598 769 4652 2.
792 4598 841 4654 23.
865 4599 915 4666 ro,
937 4598 1100 4668 mannen
1121 4614 1148 4667 p.
1173 4596 1221 4653 54.
