3308 5182
1362 369 1401 435 67

190 549 359 614 Ρ55115515
392 566 454 609 505
478 547 539 609 uisi
574 566 657 628 sape
680 548 764 628 apud
787 548 926 621 Sueten,
949 556 984 609 ut
1005 545 1089 626 apud
1112 541 1334 608 Taccelsum
1359 545 1441 607 Plin.

193 651 341 712 minorem
375 646 605 718 Quintilianum
643 644 689 709 10.
721 648 748 709 l.
773 645 1445 726 2011550110551555551,5155555511-

194 752 274 824 cula,
295 769 358 812 uon
383 749 450 810 dua
473 767 541 810 esse
565 748 729 810 videantur
751 748 840 810 velut
861 747 896 810 0.
921 746 961 810 56
982 747 1105 810 nonnisi
1128 756 1310 809 transversa
1325 746 1444 817 charta,

196 852 236 915 A.
260 852 312 924 21,
332 850 383 927 41,
404 849 447 912 84
478 849 559 911 satis
587 868 684 928 saepe.
728 848 824 929 Apud
855 848 1037 911 Ciceronem
1071 867 1162 909 unam
1185 849 1330 929 pluresve
1353 864 1444 907 voces

195 952 402 1024 intercedere,
435 950 514 1012 satis
537 959 669 1012 constat.
712 947 870 1031 Nnncl-
892 942 1012 1033 nunc¹)
1035 968 1091 1030 pro
1115 949 1208 1010 modo
1232 986 1268 994 -
1292 949 1384 1011 modo
1406 948 1444 1008 T.

198 1054 246 1127 14,
268 1053 318 1114 24.
343 1051 413 1112 Liv.
436 1052 553 1114 Rerum
578 1050 755 1130 scriptores.

281 1144 398 1234 011051)
420 1151 591 1213 insolenter
613 1152 748 1232 positum
771 1170 826 1232 pro
844 1150 1029 1230 jamjudum,
1048 1149 1180 1229 jamdiu,
1202 1148 1243 1212 A.
1268 1149 1308 1210 30
1323 1147 1446 1209 alveum

195 1255 302 1320 Tiberi
324 1254 510 1334 completum
535 1253 606 1314 olim
630 1253 805 1326 ruderibus,
831 1253 922 1314 Dom.
945 1253 975 1313 4.
999 1253 1114 1325 Poetae,
1137 1251 1221 1313 Plin.
1246 1251 1365 1323 minor,
1388 1249 1446 1310 Se·

195 1374 281 1430 nece,
305 1354 434 1416 Tacitus
456 1355 501 1415 ita
522 1353 618 1415 locuti
641 1360 723 1424 sunt.

237 1468 240 1472 ’
278 1452 419 1539 Ρ55103)
452 1453 553 1515 minuo
586 1455 669 1534 apud
702 1455 899 1519 Posteriores
932 1454 953 1517 i.
978 1475 1003 1516 s.
1028 1476 1057 1537 q.
1087 1454 1319 1536 propemodum,
1348 1468 1447 1532 pane,

198 1558 264 1620 lere
299 1554 413 1639 (grace
445 1548 556 1631 ὀλίγον
577 1552 658 1642 derv)
681 1556 718 1617 Τ.
741 1554 781 1618 30
803 1556 884 1637 quod
908 1557 1002 1638 paulo
1026 1557 1125 1619 minus
1148 1565 1312 1636 utrumqne
1335 1552 1449 1625 evenit,
1489 1589 1492 1595 ,

196 1658 237 1720 N.
260 1657 311 1720 40.
335 1657 371 1717 T.
395 1654 436 1718 26
458 1657 551 1738 paulo
575 1657 677 1719 minus
700 1676 790 1739 quam
807 1658 965 1738 privatum
980 1658 1051 1739 egit.
1098 1656 1234 1719 Perinde
1248 1677 1338 1738 qoam
1354 1654 1446 1716 Dom.

199 1757 246 1833 15,
269 1759 344 1820 Tac.
369 1758 453 1818 Anu.
481 1758 508 1817 l.
531 1752 571 1819 73
594 1758 725 1838 perinde
748 1777 840 1839 quam
862 1758 901 1831 si,
922 1759 998 1820 Tac.
1023 1760 1064 1820 H.
1089 1758 1120 1819 4.
1144 1752 1183 1820 72
1206 1757 1379 1819 insolenter
1392 1770 1450 1836 po·'

195 1858 291 1921 situm
313 1875 370 1938 pro
392 1857 523 1937 perinde
546 1856 584 1919 ac
605 1859 632 1920 si
646 1859 687 1941 ⁴).

279 1954 490 2040 mentitam)
518 1958 558 2020 ed
580 1958 644 2021 vim
668 1957 816 2037 adjectivi
838 1960 1009 2041 augendam
1034 1960 1165 2041 Vespb
1189 1957 1360 2039 quamlibet
1382 1974 1449 2019 ma·

197 2078 301 2141 gnum.
334 2054 537 2142 Quamquam.
552 2061 635 2122 Usus
646 2059 738 2139 hujus
752 2058 912 2139 particula
924 2062 1008 2141 apud
1022 2062 1150 2124 Sueten.
1165 2069 1196 2122 et
1206 2058 1375 2121 Posterior.
1389 2057 1449 2119 ali·

196 2168 346 2242 quantum
365 2178 385 2220 a
402 2168 541 2221 veterum
558 2159 779 2222 consuetudine
794 2160 901 2235 distat3
913 2160 1000 2225 velut
1011 2163 1038 2224 ei
1051 2161 1222 2242 sepissime
1233 2159 1449 2238 conjunctivus

195 2260 354 2341 subjectus
377 2267 425 2321 est
447 2259 483 2322 0.
507 2261 526 2322 3
549 2279 732 2342 quamquam
757 2261 947 2324 invitaretur
969 2263 1004 2324 0.
1028 2262 1079 2336 54,
1106 2261 1155 2334 69,
1177 2262 1216 2325 81
1236 2259 1447 2342 (innumerab.

197 2361 267 2445 51.)
313 2361 408 2441 Apud
442 2360 628 2424 Suetonium
663 2370 698 2422 51
730 2363 813 2441 apud
848 2362 1043 2425 Posteriores
1072 2361 1325 2444 frequentissime
1347 2361 1393 2433 fit,
1415 2367 1450 2420 51

197 2464 261 2525 hac
286 2461 441 2542 particula
464 2480 521 2524 non
545 2461 738 2523 adverbum
766 2462 895 2536 linitum,
918 2463 972 2524 sed
996 2465 1035 2525 ad
1060 2462 1248 2542 adjectivum
1271 2469 1326 2523 aut
1347 2460 1449 2541 parti-

196 2562 489 2645 cipium-relevatur
512 2563 597 2625 velut
619 2563 660 2624 A.
683 2561 704 2623 8
731 2581 917 2644 quamquam
943 2584 1055 2643 expers
1080 2564 1162 2638 belli,
1184 2563 1225 2625 A.
1255 2561 1301 2635 10,
1327 2562 1373 2634 13,
1397 2554 1447 2623 76.

197 2666 234 2726 Τ.
258 2658 288 2738 7,
310 2662 360 2724 25.
385 2661 432 2726 01.
445 2663 487 2737 ’5,
520 2683 588 2725 oum
621 2683 689 2745 gen.
724 2664 876 2727 sociatum
911 2676 959 2727 est
991 2667 1032 2727 N.
1056 2667 1096 2727 20
1119 2682 1305 2747 quamquam
1330 2662 1472 2741 exigua·

199 2765 294 2838 vocis,
317 2782 385 2825 curn
409 2764 473 2825 abl.
498 2763 603 2826 Galba
625 2763 646 2824 4
667 2784 697 2846 q.
722 2773 816 2826 atate
845 2768 979 2829 nondum
1003 2767 1171 2838 constanti,
1194 2784 1263 2828 cum
1288 2764 1350 2824 abl.
1374 2781 1448 2824 con-

196 2864 361 2946 eequentiae
395 2864 430 2926 0.
468 2864 480 2926 1
516 2882 701 2946 quamquam
736 2867 842 2927 morbo
876 2877 1038 2947 quartanae
1064 2873 1267 2947 aggravante.
1292 2863 1448 2944 -Apud

94 3034 98 3039 ,
197 2966 428 3045 0105505551)
443 2965 629 3028 locutionem
653 2968 718 3028 l‘ere
741 2967 873 3028 similem
897 2968 1087 3030 invenimus:
1111 2969 1187 3030 '’nec
1211 2985 1283 3028 vero
1305 2983 1448 3045 umquam

197 3084 349 3129 summum
383 3065 497 3127 bonum
531 3067 656 3148 assequi
689 3067 853 3148 quisquam
888 3079 1006 3148 posset,
1034 3069 1060 3130 si
1084 3069 1189 3131 omnia
1211 3067 1264 3129 illa
1286 3086 1352 3148 quse
1376 3073 1451 3127 sunt

199 3177 290 3231 extra
323 3185 513 3248 quamquam
547 3169 725 3249 expetenda
760 3188 879 3230 summo
914 3171 996 3232 bono
1019 3169 1281 3232 continerentur'’.
1325 3167 1450 3230 11555-

197 3268 296 3332 trario
329 3267 522 3330 indicativus
555 3278 627 3349 post
660 3270 802 3350 quamvis
835 3273 939 3354 5501)
982 3271 1050 3334 1050
1085 3270 1168 3355 apud
1202 3271 1288 3332 Suet.
1314 3267 1448 3350 positum

197 3377 247 3433 est
267 3368 308 3432 A.
331 3368 373 3430 42
396 3369 539 3449 quamvis
562 3369 638 3431 dare
661 3369 890 3453 destinaram).
909 3408 945 3418 —-
962 3373 1058 3454 Apud
1080 3372 1260 3437 ciceronem
1284 3387 1448 3450 numquam

246 3585 269 3664 Ι)
290 3587 380 3643 Hand.
405 3587 432 3642 4.
456 3587 526 3642 342.

243 3669 271 3751 ²)
293 3673 382 3730 Hand.
406 3674 433 3729 4.
458 3674 528 3728 370.

243 3755 271 3835 ⁸)
293 3761 340 3817 015
361 3759 452 3815 Hand.
476 3762 503 3817 4.
526 3761 596 3816 412.

241 3841 270 3920 ⁴)
292 3849 381 3921 Droeg.
415 3845 478 3904 Tac.
514 3846 575 3904 Stil.
611 3847 664 3914 59,
696 3845 787 3901 Madv.
820 3849 880 3917 Spr.
904 3848 964 3902 444
997 3847 1023 3902 b.
1063 3848 1089 3902 1.
1122 3846 1212 3904 Hand.
1247 3848 1275 3902 4.
1300 3845 1371 3908 459;
1408 3844 1450 3899 clr

199 3939 335 4007 praterea
356 3935 540 3992 Commentar.
568 3935 597 3991 T.
619 3932 765 3991 Ritschelii
787 3952 813 4004 p.
839 3936 909 3999 516,
933 3933 981 4004 qui
1003 3953 1080 3988 usum
1104 3935 1185 4006 hujus
1207 3933 1352 4004 particulae
1374 3931 1448 4002 apud

197 4023 359 4082 Suetonium
381 4023 523 4094 eleganter
544 4022 704 4094 explicavit.

243 4107 270 4186 ⁶)
292 4110 385 4176 Quint.
408 4108 479 4164 Plin.
501 4109 598 4166 minor.
620 4109 691 4164 Vell.
715 4108 776 4164 Pai.

242 4191 270 4270 ⁸)
293 4196 352 4253 Tin.
387 4198 412 4252 5.
447 4195 496 4251 23.
530 4196 580 4254 68.
624 4194 670 4250 cu
692 4195 813 4265 Madvig.
837 4190 921 4246 adh.
944 4193 961 4246 l.
985 4194 1013 4246 et
1035 4188 1210 4246 Tdrnebladh
1232 4189 1267 4245 de
1288 4207 1338 4243 usn
1360 4188 1448 4257 parti·

200 4284 325 4340 cularum
347 4282 421 4354 apud
442 4282 534 4349 Quint.
557 4302 585 4354 p.
610 4285 661 4347 41,
685 4281 821 4336 Kilhnast.
844 4295 870 4348 p.
896 4279 965 4333 244.

243 4363 269 4443 ⁷)
291 4369 338 4425 015
360 4368 541 4426 Ritechelium
563 4389 589 4441 p.
613 4370 684 4426 489.

241 4450 269 4531 ⁸)
291 4456 435 4527 Scriptura
455 4460 628 4539 tamennon
658 4461 700 4511 est
722 4453 858 4510 stabilita.
880 4450 937 4505 Alii
959 4449 1112 4503 destinaret
1134 4445 1264 4499 scribunt.
1287 4443 1334 4498 015
1356 4442 1446 4497 Madv.

197 4543 323 4615 samur.
349 4544 418 4599 eor.
445 4544 472 4598 a.
778 4542 781 4547 ·
