3308 5182
1357 390 1397 458 87

181 553 455 650 insumemus
471 570 573 632 naue.
585 567 656 632 aut:
672 571 702 642 2,
717 571 814 633 u-u.
827 589 855 649 ρ.
869 564 939 635 ott.
955 568 1165 633 -eennrvus
1176 570 1338 652 prutenus
1351 571 1439 637 ure-

115 668 119 675 ”
185 658 284 733 coruin
308 676 462 749 puetaruu'i
487 690 567 733 ruore
589 671 679 752 paulo
700 669 876 732 insolentior
897 680 943 733 est
965 670 1057 734 Titii
1078 672 1108 734 in
1130 672 1440 751 asperrimasiusula-

126 762 134 781 ³
182 790 264 846 rum;
286 780 351 852 quie
373 773 492 854 quidem
515 771 592 834 ratio
615 771 754 853 loquendi
777 773 869 834 etiam
893 773 973 853 apud
996 772 1063 835 Liv.
1085 773 1134 835 28.
1157 772 1207 847 39,
1230 773 1313 835 Curt.
1336 772 1364 836 9.
1391 776 1443 838 10.»

182 872 340 936 iuvenitur.
364 910 404 918 -
426 873 587 938 Genitivus
619 872 773 954 qualitatis
801 867 1299 956 nettoapposiroappettattv01)‚
1331 885 1364 937 ut
1387 895 1436 957 ap.

75 966 78 971 ’
183 974 313 1053 optimos
345 975 407 1037 fieri
435 974 521 1048 sciet,
555 975 642 1055 pauiu
664 974 843 1036 insolentius
866 975 977 1036 nomini
999 975 1119 1056 proprio
1140 975 1332 1055 subjungitur
1354 962 1436 1041 vetut
1465 962 1493 1023 7

182 1077 222 1136 Α.
245 1070 370 1163 'ideibi
395 1075 506 1137 minimi
530 1078 604 1150 eret,
638 1077 676 1139 G.
699 1077 739 1137 22
760 1075 818 1138 cibi
841 1074 960 1157 plurimi
983 1075 1114 1138 traditur
1136 1069 1307 1160 (tuisse)²)‚
1338 1078 1372 1140 C.
1394 1076 1435 1142 63

180 1176 228 1248 L,
261 1177 358 1257 partie
392 1177 527 1239 adversae
537 1169 576 1260 8),
609 1176 646 1238 N.
669 1173 709 1239 67
741 1177 909 1240 exstitisset
930 1176 1112 1239 conditionis
1134 1178 1256 1241 iucertae
1277 1178 1337 1260 qui,
1369 1179 1434 1243 Vit.

184 1275 227 1338 704
243 1287 276 1338 ut
288 1278 409 1359 pessimi
424 1278 552 1357 exempti
563 1271 602 1361 ¹).
648 1279 745 1340 Multo
762 1278 938 1366 insolentius
951 1279 1118 1359 exemplum
1131 1279 1253 1360 genitivi
1265 1279 1433 1361 qualitatis,

177 1378 263 1440 uuila
285 1378 396 1440 addita
419 1398 493 1441 voce
506 1397 610 1460 quam,
633 1398 688 1459 pro
711 1379 773 1441 abl.
786 1378 882 1442 estA.
896 1378 936 1440 38
958 1379 1086 1459 majores
1097 1400 1242 1443 annorum
1256 1381 1381 1461 triginta
1392 1372 1432 1467 ὅ).

261 1479 416 1541 Permulta
438 1479 587 1558 adjectiva
610 1480 736 1541 relativa
747 1471 775 1563 ⁶)
798 1481 876 1560 apud
898 1481 1086 1560 posteriores,
1109 1490 1211 1561 poetae
1223 1494 1352 1556 secutos,
1365 1503 1429 1545 curu

176 1580 306 1658 genitivo
319 1580 548 1661 conjunguntur,
565 1580 615 1642 ubi
627 1580 732 1661 optimi
743 1581 904 1660 scriptores
914 1581 1153 1662 propositionem
1166 1581 1367 1661 adjunxerunt
1378 1593 1431 1647 aut

176 1680 256 1741 aliud
271 1680 407 1761 loquendi
419 1699 512 1760 genus
525 1680 733 1744 adhibuerunt.
749 1681 912 1745 Suetonius
925 1682 980 1744 hae
992 1682 1021 1742 in
1035 1703 1066 1744 re
1078 1682 1198 1746 omuino
1210 1692 1342 1746 veterum
1355 1702 1429 1745 cou-

176 1781 364 1843 suetudinem
386 1791 506 1844 secutus
518 1793 573 1855 est,
589 1801 682 1863 quare
695 1800 766 1843 usus
778 1782 881 1844 horum
894 1781 1107 1863 adjectivorum
1122 1785 1200 1864 apud
1213 1803 1279 1846 eum
1294 1801 1351 1845 nou
1365 1793 1426 1845 tam

176 1881 314 1963 frequens
337 1891 383 1946 est
403 1901 492 1963 quum
516 1884 593 1965 apud
616 1883 746 1964 aequaies
768 1883 832 1960 ejus
856 1883 1041 1964 maximeque
1059 1884 1137 1964 apud
1152 1883 1302 1948 Taciturn.
1334 1884 1428 1948 Velut

171 1983 249 2063 apud
272 1969 446 2046 Suetonium
470 1982 581 2046 nullum
594 1983 760 2062 exemplum
773 1982 894 2063 genitivi
906 1977 1038 2056 ”animi’'‚
1050 1984 1099 2065 qui
1112 1972 1190 2066 apud
1204 1985 1383 2067 posteriores
1395 1985 1424 2047 in

176 2102 231 2144 usu
253 2093 300 2144 est
311 2075 347 2163 ⁷),
369 2083 516 2146 invenias.
539 2072 573 2146 Τ.
596 2078 637 2148 76
659 2103 766 2165 parcus
793 2085 935 2164 pecunie,
967 2083 1007 2148 A.
1030 2079 1080 2158 77,
1112 2085 1145 2149 6.
1168 2084 1209 2149 53
1236 2086 1425 2166 parcissimus

71 2286 73 2290 ’
175 2304 297 2367 rumque
329 2284 569 2366 praepositionem
604 2285 652 2357 ad,
684 2289 780 2347 rarius
809 2286 1049 2366 praepositionem
1072 2288 1101 2349 in
1127 2288 1171 2349 eei
1194 2288 1327 2351 dativum
1351 2287 1424 2350 sub-

172 2385 279 2465 jungit.
323 2387 358 2448 T.
380 2385 422 2449 46
444 2397 536 2448 tenax
557 2388 700 2468 pecunia,
733 2385 766 2449 0.
790 2380 830 2448 67
852 2406 909 2468 quo
931 2387 1098 2450 tenaciores
1120 2407 1219 2450 eorum
1243 2387 1424 2472 (armorum)

174 2485 204 2552 iu
228 2486 339 2567 proelio
362 2497 465 2550 esseut
476 2478 516 2570 9),
538 2488 611 2550 certi
623 2480 664 2571 ¹⁰)
686 2488 888 2549 damnationis
911 2487 943 2549 T.
956 2486 1007 2561 61,
1029 2488 1146 2568 patiens
1157 2482 1197 2572 ¹¹)
1220 2488 1351 2573 priveris
1374 2497 1423 2551 at-

171 2607 227 2669 que
248 2587 320 2649 sotis
341 2586 376 2652 (i.
399 2582 450 2662 57,
471 2586 507 2649 61
533 2590 624 2669 Verg.
648 2589 722 2649 Hor.

253 2704 386 2767 Verbum
419 2700 603 2788 ”poenitere''
632 2716 738 2768 contra
771 2726 879 2768 morem
907 2715 1039 2770 veterum
1070 2728 1137 2772 oum
1160 2730 1250 2791 praep.
1273 2710 1309 2772 de
1328 2711 1352 2789 j.
1375 2710 1421 2774 ul.

170 2805 210 2867 43
242 2805 425 2886 poenitentis
458 2808 494 2868 de
527 2807 717 2887 matrimonio
743 2808 887 2889 Agrippae
910 2808 1001 2890 deque
1024 2810 1152 2873 Neronis
1175 2812 1344 2893 adoptione.
1387 2812 1421 2877 si

171 2927 257 2969 usum
291 2899 447 2970 verborum
470 2909 586 2972 iliorum
608 2909 767 2973 forensium
776 2901 815 2991 12)
837 2909 1013 2990 respexeris,
1035 2911 1135 2974 videre
1157 2911 1236 2986 licet,
1267 2913 1422 2979 Posterio-

170 3000 274 3089 res¹³)‚
303 3009 390 3070 Livio
413 3021 574 3089 praeeunte,
606 3010 804 3092 pluraquam
827 3009 975 3092 principes
998 3012 1054 3076 soi.
1076 3033 1118 3075 or.
1140 3015 1301 3095 scriptores
1329 3017 1419 3077 verba

166 3109 203 3170 ad
227 3110 282 3171 hoc
304 3123 399 3186 genus
421 3111 566 3174 retulisse.
600 3112 747 3192 Exempla
762 3113 911 3192 proteram
928 3112 1009 3175 hac:
1032 3134 1173 3177 accusare
1189 3116 1419 3197 repetundarum

170 3209 258 3271 Doru.
281 3209 317 3285 8;
340 3212 450 3274 arcessi
472 3232 504 3275 se
526 3212 649 3275 crimine
671 3213 778 3274 veneni
801 3215 836 3275 Τ.
859 3211 909 3287 53,
929 3233 1052 3294 arguere
1074 3235 1160 3296 quem
1173 3217 1226 3290 rei,
1248 3216 1420 3297 sepissime,

206 3424 229 3498 1)
252 3431 343 3486 Madv.
367 3431 436 3486 287.
462 3435 491 3498 3,
515 3434 644 3491 Kiihuasi
668 3438 715 3492 72.
739 3436 850 3516 Draeger
871 3441 901 3496 Τ.
924 3459 951 3511 p.
975 3440 1024 3496 29.

204 3511 227 3585 2)
249 3517 295 3572 Off
317 3518 407 3573 0³³⁸&
428 3519 454 3574 b‹
477 3539 504 3591 8·
527 3524 553 3578 5·
578 3525 604 3578 6·
638 3525 712 3594 quod
744 3540 806 3587 eum
829 3530 926 3602 magni
948 3526 1045 3592 animi,
1074 3542 1183 3599 magna
1214 3523 1288 3580 inter
1314 3522 1346 3581 G.
1369 3544 1417 3581 au·

166 3603 305 3660 ctoritatis
326 3609 503 3676 cognoverat.

203 3684 226 3760 ³)
249 3691 294 3746 Cir
317 3691 344 3746 6.
369 3693 406 3746 75
431 3711 501 3748 unus
522 3696 643 3754 ademere
663 3701 760 3769 partis.

203 3771 227 3846 4)
250 3777 377 3835 Forsitan
399 3779 426 3833 h.
449 3779 469 3835 1.
492 3785 650 3856 exemplum
671 3790 756 3857 paulo
786 3790 950 3847 insolentius
978 3786 1057 3844 afferi
1084 3786 1169 3844 liceat
1201 3785 1234 3842 N.
1253 3789 1301 3862 31·
1315 3789 1416 3844 somam

167 3864 301 3940 gitudinis
328 3882 377 3937 per
408 3869 520 3931 centum
541 3872 631 3940 milia,
653 3872 813 3932 latitudinis
838 3908 871 3917 —
898 3894 963 3948 pro:
985 3876 1015 3930 iu
1036 3874 1241 3948 longitudinum
1262 3893 1284 3933 o.
1300 3877 1415 3934 milium.

203 3945 227 4020 5)
250 3951 295 4007 ou
317 3953 429 4025 Draeger
452 3956 522 4012 455.

203 4033 227 4108 6)
250 4039 342 4094 Madv.
366 4039 437 4095 teo.
460 4060 485 4112 g.

204 4118 228 4195 ἵ)
250 4126 378 4182 Krihnast
400 4145 426 4196 p.
452 4129 499 4183 77.

200 4205 224 4281 ⁸)
246 4213 303 4267 Alii
324 4213 466 4282 pronioris.

203 4291 227 4367 9)
248 4299 294 4354 un
317 4302 452 4370 praeterea
475 4320 536 4373 quae
563 4305 597 4360 de
620 4305 759 4377 adjectivo
781 4301 894 4362 ”anxius
928 4304 1078 4377 disputari.

190 4375 227 4454 ¹⁰)
249 4386 300 4456 Ap.
323 4386 477 4443 Oiierouam
499 4389 588 4453 iacere
610 4409 692 4463 quem
714 4396 859 4450 certiorem
881 4392 959 4465 cujus
980 4391 1029 4448 rei.

187 4459 224 4542 11)
247 4473 338 4528 uaev.
362 4474 433 4528 nae.
457 4491 481 4529 a..

186 4544 221 4628 ¹²)
244 4560 359 4631 uteug
382 4560 452 4617 ree.

186 4629 222 4718 13)
245 4647 330 4704 Velut
352 4648 427 4717 apud
448 4647 576 4705 Tacitum
598 4650 645 4706 hic
667 4652 856 4709 mendicandi
879 4654 966 4728 viget,
989 4657 1031 4725 ctr¹
1051 4654 1163 4722 neeges
1185 4667 1212 4721 p.
1235 4651 1282 4705 at.
