3308 5182
236 373 277 438 38

195 557 243 618 12.
288 553 410 618 Orienti
439 551 713 635 praepositus,<A.
746 552 793 613 13.
837 551 889 613 Ita
911 569 992 632 sape
1014 550 1226 624 Posteriores,
1248 569 1320 614 raro
1347 549 1457 631 optimi

193 656 292 719 locuti
315 662 400 716 sunt.

151 798 156 808 ·
276 755 416 838 Ponqem
438 755 566 836 proprie
590 753 629 815 dc
652 754 771 836 plantis
795 753 912 816 dicitnr
933 782 966 806 ==
988 753 1134 835 plantare
1156 747 1328 837 (πήγνυμι)
1351 748 1458 814 Galba

198 861 210 920 l
237 878 328 940 quum
361 857 514 919 ramulum
549 855 643 936 pangi
677 855 856 937 placuisset,
877 855 1063 934 Propertius
1085 855 1115 916 3.
1142 849 1191 917 11.
1215 855 1235 916 5
1258 873 1393 935 pangere
1416 873 1458 917 511

195 958 304 1022 ordine
328 957 435 1030 colles,
458 956 578 1019 Colum.
622 954 797 1018 Pacarium
819 975 875 1038 pro
899 956 1038 1018 canistro
1063 954 1131 1018 051.
1159 955 1359 1019 18115154.
1389 952 1458 1016 Pa-

194 1059 329 1146 nifiaium
350 1059 447 1139 Vesp.
477 1051 505 1119 1.
531 1056 653 1119 Celsus.
697 1056 828 1119 Pennus
850 1052 979 1143 (ῥάκος)
1001 1057 1094 1119 Dom.
1118 1050 1148 1118 ’1.
1172 1056 1241 1119 Gal.
1265 1057 1316 1118 35.
1338 1058 1455 1119 Poetae.

196 1157 320 1246 Popilia
354 1161 469 1222 Varro.
501 1158 619 1222 Colum.
643 1158 768 1221 Plinius
792 1161 906 1239 Major.
932 1159 1017 1222 Otho
1043 1157 1092 1218 ll.
1137 1155 1254 1219 Parere
1276 1177 1333 1239 pro
1356 1176 1458 1240 appa-

196 1254 304 1345 15151)
335 1260 377 1322 A.
401 1259 440 1322 95
463 1258 639 1321 immolanti
663 1295 702 1305 -
722 1261 868 1340 jocinore
890 1296 930 1305 -
952 1268 1133 1341 paruerunt,
1156 1258 1224 1322 051.
1247 1259 1277 1321 8.
1301 1260 1400 1339 Vesp.
1425 1259 1456 1320 4.

196 1361 347 1425 Formula
380 1361 517 1424 forensis
550 1354 592 1422 ”si
615 1355 720 1443 paret”
753 1381 803 1442 ap.
829 1361 1013 1425 Ciceronem
1037 1360 1195 1423 invonitur
1217 1360 1304 1423 velut
1326 1360 1402 1423 Milo
1426 1359 1457 1423 6.

187 1464 247 1526 ’15.
293 1461 415 1524 Parum
450 1472 498 1524 est
529 1491 562 1514 =
596 1480 657 1523 uon
682 1462 797 1524 sufficit
821 1463 888 1527 Oal.
913 1462 954 1526 29
977 1471 1135 1542 tamquam
1158 1481 1265 1543 parum
1290 1464 1373 1524 esset
1396 1482 1458 1525 non

197 1564 332 1636 obedire,
365 1563 436 1626 Liv.
472 1563 522 1627 38.
557 1555 646 1646 541).
670 1554 790 1639 Poetae.
816 1564 879 1627 Cic.
904 1565 988 1628 Sest.
1016 1563 1063 1623 14.
1087 1563 1138 1625 32.
1184 1561 1373 1624 Potrieintus
1395 1558 1459 1643 ”jus

200 1675 232 1728 et
255 1664 393 1745 dignitas
416 1658 744 1745 patriciorun1”nova
767 1683 830 1727 vox
851 1663 908 1749 (A.
932 1662 979 1747 2),
1002 1683 1069 1746 quae
1091 1671 1203 1744 postea
1225 1665 1266 1727 ab
1289 1662 1459 1727 Ammiano

199 1766 353 1840 Marcell,
390 1766 591 1840 cassiodoro,
620 1764 694 1826 aliis
717 1767 916 1847 frequentata
940 1757 1038 1844 5111).
1084 1763 1159 1825 Pati
1180 1763 1300 1827 cladem
1325 1783 1382 1846 pro
1405 1785 1459 1829 ao-

199 1867 303 1948 ciperc
337 1866 372 1930 0.
407 1866 458 1929 36.
502 1864 673 1950 Pauperies
695 1884 752 1947 pro
775 1875 964 1948 paupertate
988 1866 1044 1929 Gr.
1071 1867 1119 1928 11.
1144 1867 1262 1928 Poetae.
1307 1863 1458 1942 Pauidus,

200 1968 333 2049 pavidus
355 1987 481 2048 semper
503 1976 596 2048 atque
619 1966 734 2029 anxius
756 1967 851 2030 Dom.
875 1969 904 2030 4.
929 1969 970 2030 Ν.
995 1968 1044 2041 24,
1067 1985 1123 2047 per
1148 1966 1281 2047 figuram
1306 1968 1344 2029 de
1368 1968 1460 2030 rebus

200 2068 402 2130 intransitiva
435 2069 467 2130 vi
501 2068 615 2131 dicitur
643 2066 712 2130 Oal.
737 2055 889 2150 bthuies
912 2068 1029 2150 pavida
1049 2067 1247 2148 imaginibus.
1270 2067 1343 2131 Liv.
1367 2070 1459 2131 Poet.

200 2170 410 2233 Posteriores.
447 2168 628 2232 Sallustium
664 2169 795 2249 primum
826 2171 884 2232 sol.
909 2190 954 2232 or.
979 2170 1165 2250 scriptorum
1189 2169 1219 2231 h.
1244 2169 1399 2231 vocabulo
1424 2189 1463 2231 n·

200 2290 267 2333 sum
302 2291 381 2344 esse,
414 2270 576 2334 contendit
609 2249 745 2350 Ostling.
791 2268 974 2356 Pavefactus
1005 2271 1046 2333 A.
1076 2268 1127 2332 99.
1152 2271 1221 2333 051.
1244 2269 1295 2331 51.
1321 2269 1404 2333 Otho
1428 2265 1460 2332 7.

200 2373 240 2434 Ν.
271 2371 320 2433 48.
345 2372 439 2435 Ovid.
464 2371 595 2434 Seneca.
642 2371 813 2452 Pepmaris,
835 2392 998 2454 pegmares
1021 2372 1214 2452 gladiatores
1237 2371 1305 2433 051.
1330 2371 1371 2433 26
1392 2365 1463 2454 ”qni

202 2473 240 2534 de
262 2482 405 2555 pegmate
429 2468 624 2553 depugnant”
645 2465 756 2550 Βο.4’).
802 2473 937 2537 13515515
959 2492 1015 2554 pro
1033 2492 1233 2553 compensare
1248 2470 1290 2534 A.
1304 2471 1356 2533 25.
1373 2474 1463 2535 Prae-

202 2581 299 2635 eunte
334 2573 489 2636 Sallustio
524 2574 720 2637 Posteriores
755 2577 1000 2655 frequentarunt.
1044 2572 1205 2636 Pensitare
1227 2573 1248 2635 i.
1274 2593 1303 2655 q.
1328 2593 1464 2655 perpen-

203 2675 285 2747 dere,
309 2675 483 2736 deliberare
507 2677 590 2755 apud
613 2675 736 2738 Livium
758 2694 819 2737 uuo
843 2675 909 2738 loco
933 2674 979 2760 (4.
1003 2676 1071 2759 41),
1094 2674 1135 2736 A.
1160 2673 1211 2737 66.
1235 2674 1270 2736 0.
1295 2674 1465 2754 30551111-

206 2776 282 2836 tatis
306 2775 424 2838 viribus
447 2775 511 2837 suis
535 2784 566 2837 et
589 2776 797 2839 inimicorum.
814 2777 1023 2840 Posteriores.
1059 2775 1155 2840 Penei
1165 2775 1285 2858 aliquid
1298 2769 1464 2861 hahers⁵),

158 2908 160 2913 ·
207 2894 275 2956 quae
297 2875 411 2938 locutio
435 2877 516 2957 apud
541 2876 736 2951 Sallustium,
759 2878 895 2951 Livium,
918 2879 1116 2941 Posteriores
1138 2878 1171 2941 in
1194 2898 1253 2940 usu
1276 2888 1334 2952 est,
1356 2887 1463 2942 15111511

206 2978 329 3057 semper
357 2977 387 3039 in
411 2979 571 3042 sententia
598 2978 757 3060 negativa.
782 2980 821 3042 N.
846 2979 1464 3064 34115551115551111511111111111

206 3076 386 3143 diuexanda
407 3109 440 3133 =
464 3080 539 3142 nihil
561 3081 740 3162 perpendit,
762 3082 886 3144 curavit
908 3082 1002 3148 simil.
1024 3084 1116 3146 Dum.
1142 3083 1180 3144 12
1204 3080 1281 3159 nihil
1303 3082 1394 3163 pensi
1407 3083 1466 3146 ha·

207 3179 277 3242 buit
310 3179 393 3262 quin.
439 3178 576 3244 Pendere
599 3182 719 3246 venalis
748 3182 864 3245 dicitur
887 3183 923 3256 is,
947 3184 1035 3264 cujus
1059 3186 1141 3247 bona
1163 3184 1196 3246 iu
1220 3184 1330 3245 tabula
1352 3194 1387 3246 ut
1409 3203 1465 3246 ve-

206 3280 291 3343 nalis
313 3282 450 3362 pendent
472 3282 520 3345 01.
545 3282 574 3346 9.
599 3283 691 3345 Dom.
715 3275 786 3367 9⁶).
831 3283 989 3348 Penetrala
1012 3305 1068 3367 pro
1091 3285 1159 3347 loco
1183 3284 1334 3348 interiore
1358 3284 1400 3348 A.
1416 3284 1465 3357 18,

207 3381 314 3462 templi
344 3383 449 3446 Galba
471 3382 501 3446 9.
525 3384 597 3446 Liv.
623 3387 714 3447 Poet.
737 3385 913 3449 Posterior.
957 3384 1110 3470 Perapara
1131 3386 1305 3449 insolenter
1327 3385 1364 3447 de
1387 3386 1466 3448 561-

207 3482 405 3546 ficatio'nibus
440 3502 491 3566 ap.
526 3485 712 3549 Suetonium
747 3485 906 3549 invenitur
928 3487 1014 3550 velut
1036 3486 1103 3550 051.
1128 3488 1165 3549 21
1192 3505 1269 3569 opus
1291 3505 1310 3547 a
1333 3485 1466 3551 Claudio

208 3592 370 3663 peractum
384 3577 422 3669 ⁷).
455 3582 636 3650 Perunuara
658 3616 690 3639 =
712 3594 812 3651 totum
831 3607 946 3651 aunum
969 3589 1077 3651 vivere
1099 3590 1198 3670 Vesp.
1222 3589 1242 3650 5
1264 3586 1372 3668 puella
1388 3597 1466 3651 nata

258 3767 284 3836 ¹)
307 3769 353 3824 Ofr
381 3771 517 3844 Madvigii
539 3773 654 3830 Advers.
678 3773 746 3830 0116.
770 3775 857 3830 adh.
881 3775 900 3829 1.
924 3775 973 3844 qui
996 3772 1143 3845 legendum
1164 3766 1221 3827 esse
1244 3778 1337 3829 5511551
1361 3767 1467 3846 ”appa-

207 3850 349 3911 ruerunb”.
396 3853 484 3913 ”Nam
506 3877 592 3929 pareo
614 3879 666 3931 pro
689 3879 811 3932 appareo
834 3857 927 3934 (extra
945 3861 1016 3933 juris
1037 3864 1130 3923 usum)
1153 3859 1355 3929 antiquissimis
1378 3864 1407 3917 56
1429 3865 1466 3919 A·

208 3943 302 4014 pulejo
334 3943 525 4015 similibusque
558 3949 781 4018 relinquendum,
816 3951 970 4020 praesertim
1004 3964 1089 4018 pareo
1117 3939 1232 4002 natust
1278 3947 1335 4003 Alii
1369 3949 1469 4020 legunt

209 4033 376 4102 putueruni3
401 4033 463 4087 vide
486 4034 535 4089 BC.
579 4036 619 4090 Do
643 4031 814 4106 '’parebunt’'
837 4055 887 4108 pro
909 4027 1115 4106 '’petebantur'’
1139 4033 1202 4089 vide
1224 4034 1276 4089 BO.
1301 4036 1337 4090 ad
1360 4037 1396 4090 N.
1415 4038 1466 4093 27.

253 4110 282 4230 Ξ)
311 4117 415 4173 Eodem
441 4120 522 4176 modo
544 4139 644 4191 parum
667 4124 770 4178 hahere
791 4123 932 4183 invenitur
987 4122 1055 4177 Sall.
1079 4122 1143 4192 Jug.
1168 4122 1220 4187 31,
1244 4121 1338 4178 Livius
1361 4124 1412 4179 42.
1437 4127 1466 4180 3.

272 4203 282 4274 )
307 4204 419 4259 Ruhnk.

255 4285 280 4361 'l
303 4291 362 4347 Hoo
384 4295 480 4349 tamen
502 4293 562 4348 loco
584 4294 667 4349 lectio
691 4296 772 4350 valde
794 4285 879 4349 dubia
900 4296 950 4348 cst.
1125 4331 1129 4359 2

256 4373 281 4438 ⁵)
305 4380 398 4435 Madv.
422 4380 549 4450 Spraehl.
575 4381 635 4437 285
661 4382 688 4436 h.
714 4384 742 4436 2.
788 4370 1000 4452 Reissigfflaase
1023 4379 1096 4434 647.
1203 4388 1206 4393 ’

254 4459 280 4536 ⁶)
303 4466 371 4520 Cum
393 4467 421 4521 h.
446 4467 585 4523 locutione
607 4469 763 4539 comparari
786 4470 878 4538 podest
900 4469 1048 4523 confiscare
1070 4465 1211 4519 hominem
1234 4466 1266 4520 A.
1296 4463 1343 4516 15.
1359 4460 1400 4516 01.
1416 4463 1467 4524 25,

211 4552 354 4623 publicare
377 4555 521 4610 libertinos
544 4572 594 4624 pro
617 4555 696 4611 honis
718 4555 921 4611 libertinorum.
967 4555 1014 4612 cfr
1036 4539 1128 4610 Bromi
1150 4552 1186 4608 ad
1208 4552 1249 4610 01.
1275 4550 1304 4604 9.

257 4630 282 4706 ⁷)
305 4639 351 4696 011
372 4641 464 4699 Bromi
486 4642 522 4699 ad
543 4641 571 4696 h.
596 4642 613 4698 l.
